
   <marc:record>
      <marc:leader>     cam a22        4500</marc:leader>
      <marc:controlfield tag="001">060998814</marc:controlfield>
      <marc:controlfield tag="003">DE-576</marc:controlfield>
      <marc:controlfield tag="005">20201210094931.0</marc:controlfield>
      <marc:controlfield tag="007">tu</marc:controlfield>
      <marc:controlfield tag="008">950405s1994    gw |||||      10| ||ger c</marc:controlfield>
      <marc:datafield tag="015" ind1=" " ind2=" ">
         <marc:subfield code="a">95,B15,0010</marc:subfield>
         <marc:subfield code="2">dnb</marc:subfield>
      </marc:datafield>
      <marc:datafield tag="016" ind1="7" ind2=" ">
         <marc:subfield code="a">943698308</marc:subfield>
         <marc:subfield code="2">DE-101</marc:subfield>
      </marc:datafield>
      <marc:datafield tag="020" ind1=" " ind2=" ">
         <marc:subfield code="a">3924407347</marc:subfield>
         <marc:subfield code="c"> (kart.)</marc:subfield>
         <marc:subfield code="9">3-924407-34-7</marc:subfield>
      </marc:datafield>
      <marc:datafield tag="035" ind1=" " ind2=" ">
         <marc:subfield code="a">(DE-627)183387929</marc:subfield>
      </marc:datafield>
      <marc:datafield tag="035" ind1=" " ind2=" ">
         <marc:subfield code="a">(DE-576)060998814</marc:subfield>
      </marc:datafield>
      <marc:datafield tag="035" ind1=" " ind2=" ">
         <marc:subfield code="a">(DE-599)DNB943698308</marc:subfield>
      </marc:datafield>
      <marc:datafield tag="035" ind1=" " ind2=" ">
         <marc:subfield code="a">(OCoLC)613262457</marc:subfield>
      </marc:datafield>
      <marc:datafield tag="035" ind1=" " ind2=" ">
         <marc:subfield code="a">(OCoLC)38174093</marc:subfield>
      </marc:datafield>
      <marc:datafield tag="040" ind1=" " ind2=" ">
         <marc:subfield code="a">DE-576</marc:subfield>
         <marc:subfield code="b">ger</marc:subfield>
         <marc:subfield code="c">DE-576</marc:subfield>
         <marc:subfield code="e">rakwb</marc:subfield>
      </marc:datafield>
      <marc:datafield tag="041" ind1=" " ind2=" ">
         <marc:subfield code="a">ger</marc:subfield>
      </marc:datafield>
      <marc:datafield tag="044" ind1=" " ind2=" ">
         <marc:subfield code="c">XA-DE</marc:subfield>
      </marc:datafield>
      <marc:datafield tag="050" ind1=" " ind2="0">
         <marc:subfield code="a">HQ799.G3</marc:subfield>
      </marc:datafield>
      <marc:datafield tag="084" ind1=" " ind2=" ">
         <marc:subfield code="a">01</marc:subfield>
         <marc:subfield code="a">14</marc:subfield>
         <marc:subfield code="a">22</marc:subfield>
         <marc:subfield code="2">sdnb</marc:subfield>
      </marc:datafield>
      <marc:datafield tag="084" ind1=" " ind2=" ">
         <marc:subfield code="a">MS 2150</marc:subfield>
         <marc:subfield code="2">rvk</marc:subfield>
         <marc:subfield code="0">(DE-625)rvk/123632:</marc:subfield>
      </marc:datafield>
      <marc:datafield tag="084" ind1=" " ind2=" ">
         <marc:subfield code="a">79.62</marc:subfield>
         <marc:subfield code="2">bkl</marc:subfield>
      </marc:datafield>
      <marc:datafield tag="245" ind1="1" ind2="0">
         <marc:subfield code="a">Zukunft Jugendkulturarbeit</marc:subfield>
         <marc:subfield code="b">gesellschaftliche Herausforderungen und kulturelle Bildung ; [erweiterte Dokumentation des Jubiläumskongresses der BKJ "Zukunftsforum Jugendkulturarbeit 2000" - zur Gesellschaftlichen Verantwortung Kultureller Bildung vom 26. - 28. 11. 1993 in Remscheid]</marc:subfield>
         <marc:subfield code="c">Bundesvereinigung Kulturelle Jugendbildung e.V. (Hrsg.) Konzept und Red.: Hildegard Bockhorst ... Mit Beitr. von Ulrich Baer ...</marc:subfield>
      </marc:datafield>
      <marc:datafield tag="263" ind1=" " ind2=" ">
         <marc:subfield code="a">kart.</marc:subfield>
      </marc:datafield>
      <marc:datafield tag="264" ind1=" " ind2="1">
         <marc:subfield code="a">Remscheid</marc:subfield>
         <marc:subfield code="b">BKJ</marc:subfield>
         <marc:subfield code="c">1994</marc:subfield>
      </marc:datafield>
      <marc:datafield tag="300" ind1=" " ind2=" ">
         <marc:subfield code="a">276 S</marc:subfield>
         <marc:subfield code="b">Ill</marc:subfield>
         <marc:subfield code="c">24 cm</marc:subfield>
      </marc:datafield>
      <marc:datafield tag="336" ind1=" " ind2=" ">
         <marc:subfield code="a">Text</marc:subfield>
         <marc:subfield code="b">txt</marc:subfield>
         <marc:subfield code="2">rdacontent</marc:subfield>
      </marc:datafield>
      <marc:datafield tag="337" ind1=" " ind2=" ">
         <marc:subfield code="a">ohne Hilfsmittel zu benutzen</marc:subfield>
         <marc:subfield code="b">n</marc:subfield>
         <marc:subfield code="2">rdamedia</marc:subfield>
      </marc:datafield>
      <marc:datafield tag="338" ind1=" " ind2=" ">
         <marc:subfield code="a">Band</marc:subfield>
         <marc:subfield code="b">nc</marc:subfield>
         <marc:subfield code="2">rdacarrier</marc:subfield>
      </marc:datafield>
      <marc:datafield tag="490" ind1="1" ind2=" ">
         <marc:subfield code="a">Schriftenreihe der Bundesvereinigung Kulturelle Jugendbildung</marc:subfield>
         <marc:subfield code="v">28</marc:subfield>
      </marc:datafield>
      <marc:datafield tag="500" ind1=" " ind2=" ">
         <marc:subfield code="a">Erweiterte Dokumentation des Jubiläumskongresses der BKJ 'Zukunftsforum Jugendkulturarbeit 2000' zur geschichtlichen Verantwortung kultureller Bildung vom 26.-28.11.1993 in Remscheid</marc:subfield>
      </marc:datafield>
      <marc:datafield tag="546" ind1=" " ind2=" ">
         <marc:subfield code="a">Deutsch</marc:subfield>
      </marc:datafield>
      <marc:datafield tag="583" ind1="1" ind2=" ">
         <marc:subfield code="a">Archivierung/Langzeitarchivierung geplant</marc:subfield>
         <marc:subfield code="c">20200919</marc:subfield>
         <marc:subfield code="f">DE-640</marc:subfield>
         <marc:subfield code="z">2</marc:subfield>
         <marc:subfield code="2">pdager</marc:subfield>
      </marc:datafield>
      <marc:datafield tag="591" ind1=" " ind2=" ">
         <marc:subfield code="a">IMD-Felder und 1131 maschinell ergänzt (SWB)</marc:subfield>
      </marc:datafield>
      <marc:datafield tag="653" ind1=" " ind2="0">
         <marc:subfield code="a">Arts and youth</marc:subfield>
         <marc:subfield code="a">Germany</marc:subfield>
         <marc:subfield code="a">Congresses</marc:subfield>
      </marc:datafield>
      <marc:datafield tag="653" ind1=" " ind2="0">
         <marc:subfield code="a">Music and youth</marc:subfield>
         <marc:subfield code="a">Germany</marc:subfield>
         <marc:subfield code="a">Congresses</marc:subfield>
      </marc:datafield>
      <marc:datafield tag="653" ind1=" " ind2="0">
         <marc:subfield code="a">Germany</marc:subfield>
         <marc:subfield code="a">Cultural policy</marc:subfield>
         <marc:subfield code="a">Congresses</marc:subfield>
      </marc:datafield>
      <marc:datafield tag="653" ind1=" " ind2="0">
         <marc:subfield code="a">Youth</marc:subfield>
         <marc:subfield code="a">Germany</marc:subfield>
         <marc:subfield code="a">Societies and clubs</marc:subfield>
         <marc:subfield code="a">Congresses</marc:subfield>
      </marc:datafield>
      <marc:datafield tag="655" ind1=" " ind2="7">
         <marc:subfield code="a">Konferenzschrift</marc:subfield>
         <marc:subfield code="y">1993</marc:subfield>
         <marc:subfield code="z">Remscheid</marc:subfield>
         <marc:subfield code="0">(DE-588)1071861417</marc:subfield>
         <marc:subfield code="0">(DE-627)826484824</marc:subfield>
         <marc:subfield code="0">(DE-576)433375485</marc:subfield>
         <marc:subfield code="2">gnd-content</marc:subfield>
      </marc:datafield>
      <marc:datafield tag="689" ind1="0" ind2="0">
         <marc:subfield code="D">s</marc:subfield>
         <marc:subfield code="0">(DE-588)4162843-3</marc:subfield>
         <marc:subfield code="0">(DE-627)105459232</marc:subfield>
         <marc:subfield code="0">(DE-576)209876603</marc:subfield>
         <marc:subfield code="a">Jugendkulturarbeit</marc:subfield>
         <marc:subfield code="2">gnd</marc:subfield>
      </marc:datafield>
      <marc:datafield tag="689" ind1="0" ind2="1">
         <marc:subfield code="D">s</marc:subfield>
         <marc:subfield code="0">(DE-588)4068097-6</marc:subfield>
         <marc:subfield code="0">(DE-627)106106481</marc:subfield>
         <marc:subfield code="0">(DE-576)209172746</marc:subfield>
         <marc:subfield code="a">Zukunft</marc:subfield>
         <marc:subfield code="2">gnd</marc:subfield>
      </marc:datafield>
      <marc:datafield tag="689" ind1="0" ind2=" ">
         <marc:subfield code="5">DE-101</marc:subfield>
      </marc:datafield>
      <marc:datafield tag="689" ind1="1" ind2="0">
         <marc:subfield code="D">s</marc:subfield>
         <marc:subfield code="0">(DE-588)4162843-3</marc:subfield>
         <marc:subfield code="0">(DE-627)105459232</marc:subfield>
         <marc:subfield code="0">(DE-576)209876603</marc:subfield>
         <marc:subfield code="a">Jugendkulturarbeit</marc:subfield>
         <marc:subfield code="2">gnd</marc:subfield>
      </marc:datafield>
      <marc:datafield tag="689" ind1="1" ind2="1">
         <marc:subfield code="D">s</marc:subfield>
         <marc:subfield code="0">(DE-588)4068097-6</marc:subfield>
         <marc:subfield code="0">(DE-627)106106481</marc:subfield>
         <marc:subfield code="0">(DE-576)209172746</marc:subfield>
         <marc:subfield code="a">Zukunft</marc:subfield>
         <marc:subfield code="2">gnd</marc:subfield>
      </marc:datafield>
      <marc:datafield tag="689" ind1="1" ind2=" ">
         <marc:subfield code="5">(DE-627)</marc:subfield>
      </marc:datafield>
      <marc:datafield tag="700" ind1="1" ind2=" ">
         <marc:subfield code="a">Bockhorst, Hildegard</marc:subfield>
         <marc:subfield code="d">1955-</marc:subfield>
         <marc:subfield code="e">Red.</marc:subfield>
         <marc:subfield code="0">(DE-588)115737928</marc:subfield>
         <marc:subfield code="0">(DE-627)077439201</marc:subfield>
         <marc:subfield code="0">(DE-576)168411911</marc:subfield>
         <marc:subfield code="4">adp</marc:subfield>
      </marc:datafield>
      <marc:datafield tag="700" ind1="1" ind2=" ">
         <marc:subfield code="a">Baer, Ulrich</marc:subfield>
         <marc:subfield code="4">oth</marc:subfield>
      </marc:datafield>
      <marc:datafield tag="711" ind1="2" ind2=" ">
         <marc:subfield code="a">Zukunftsforum Jugendkulturarbeit 2000 - zur Gesellschaftlichen Verantwortung Kultureller Bildung</marc:subfield>
         <marc:subfield code="d">1993</marc:subfield>
         <marc:subfield code="c">Remscheid</marc:subfield>
         <marc:subfield code="0">(DE-588)2144659-3</marc:subfield>
         <marc:subfield code="0">(DE-627)183864573</marc:subfield>
         <marc:subfield code="0">(DE-576)195178467</marc:subfield>
         <marc:subfield code="4">oth</marc:subfield>
      </marc:datafield>
      <marc:datafield tag="810" ind1="2" ind2=" ">
         <marc:subfield code="a">Bundesvereinigung Kulturelle Jugendbildung</marc:subfield>
         <marc:subfield code="t">Schriftenreihe der Bundesvereinigung Kulturelle Jugendbildung</marc:subfield>
         <marc:subfield code="v">28</marc:subfield>
         <marc:subfield code="9">28</marc:subfield>
         <marc:subfield code="w">(DE-627)167875701</marc:subfield>
         <marc:subfield code="w">(DE-576)014176971</marc:subfield>
         <marc:subfield code="w">(DE-600)597414-8</marc:subfield>
      </marc:datafield>
      <marc:datafield tag="850" ind1=" " ind2=" ">
         <marc:subfield code="a">ab</marc:subfield>
      </marc:datafield>
      <marc:datafield tag="935" ind1=" " ind2=" ">
         <marc:subfield code="i">Blocktest</marc:subfield>
      </marc:datafield>
      <marc:datafield tag="936" ind1="r" ind2="v">
         <marc:subfield code="a">MS 2150</marc:subfield>
         <marc:subfield code="b">Allgemeine Darstellungen</marc:subfield>
         <marc:subfield code="k">Soziologie</marc:subfield>
         <marc:subfield code="k">Spezielle Soziologien</marc:subfield>
         <marc:subfield code="k">Jugendsoziologie</marc:subfield>
         <marc:subfield code="k">Allgemeine Darstellungen</marc:subfield>
         <marc:subfield code="0">(DE-627)1270710710</marc:subfield>
         <marc:subfield code="0">(DE-625)rvk/123632:</marc:subfield>
         <marc:subfield code="0">(DE-576)200710710</marc:subfield>
      </marc:datafield>
      <marc:datafield tag="936" ind1="b" ind2="k">
         <marc:subfield code="a">79.62</marc:subfield>
         <marc:subfield code="j">Kulturarbeit</marc:subfield>
         <marc:subfield code="0">(DE-627)106411446</marc:subfield>
      </marc:datafield>
      <marc:datafield tag="951" ind1=" " ind2=" ">
         <marc:subfield code="a">BO</marc:subfield>
      </marc:datafield>
   </marc:record>