
   <marc:record>
      <marc:leader>     cam a22        4500</marc:leader>
      <marc:controlfield tag="001">045369704</marc:controlfield>
      <marc:controlfield tag="003">DE-576</marc:controlfield>
      <marc:controlfield tag="005">20210322183201.0</marc:controlfield>
      <marc:controlfield tag="007">tu</marc:controlfield>
      <marc:controlfield tag="008">950120s1995    gw |||||      00| ||ger c</marc:controlfield>
      <marc:datafield tag="015" ind1=" " ind2=" ">
         <marc:subfield code="a">95,N05,0413</marc:subfield>
         <marc:subfield code="2">dnb</marc:subfield>
      </marc:datafield>
      <marc:datafield tag="015" ind1=" " ind2=" ">
         <marc:subfield code="a">96,A02,0637</marc:subfield>
         <marc:subfield code="2">dnb</marc:subfield>
      </marc:datafield>
      <marc:datafield tag="016" ind1="7" ind2=" ">
         <marc:subfield code="a">94323798X</marc:subfield>
         <marc:subfield code="2">DE-101</marc:subfield>
      </marc:datafield>
      <marc:datafield tag="020" ind1=" " ind2=" ">
         <marc:subfield code="a">3780059010</marc:subfield>
         <marc:subfield code="c"> (: DM 33.00, sfr 33.00, S 258.00)</marc:subfield>
         <marc:subfield code="9">3-7800-5901-0</marc:subfield>
      </marc:datafield>
      <marc:datafield tag="035" ind1=" " ind2=" ">
         <marc:subfield code="a">(DE-627)180346865</marc:subfield>
      </marc:datafield>
      <marc:datafield tag="035" ind1=" " ind2=" ">
         <marc:subfield code="a">(DE-576)045369704</marc:subfield>
      </marc:datafield>
      <marc:datafield tag="035" ind1=" " ind2=" ">
         <marc:subfield code="a">(DE-599)GBV180346865</marc:subfield>
      </marc:datafield>
      <marc:datafield tag="035" ind1=" " ind2=" ">
         <marc:subfield code="a">(OCoLC)611638115</marc:subfield>
      </marc:datafield>
      <marc:datafield tag="035" ind1=" " ind2=" ">
         <marc:subfield code="a">(OCoLC)39807998</marc:subfield>
      </marc:datafield>
      <marc:datafield tag="035" ind1=" " ind2=" ">
         <marc:subfield code="a">(DE-478)942885686</marc:subfield>
      </marc:datafield>
      <marc:datafield tag="040" ind1=" " ind2=" ">
         <marc:subfield code="a">DE-576</marc:subfield>
         <marc:subfield code="b">ger</marc:subfield>
         <marc:subfield code="c">DE-576</marc:subfield>
         <marc:subfield code="e">rakwb</marc:subfield>
      </marc:datafield>
      <marc:datafield tag="041" ind1=" " ind2=" ">
         <marc:subfield code="a">ger</marc:subfield>
      </marc:datafield>
      <marc:datafield tag="044" ind1=" " ind2=" ">
         <marc:subfield code="c">XA-DE</marc:subfield>
      </marc:datafield>
      <marc:datafield tag="082" ind1="0" ind2="4">
         <marc:subfield code="a">22</marc:subfield>
         <marc:subfield code="q">dnb</marc:subfield>
      </marc:datafield>
      <marc:datafield tag="084" ind1=" " ind2=" ">
         <marc:subfield code="a">MUS 310</marc:subfield>
         <marc:subfield code="2">sfb</marc:subfield>
      </marc:datafield>
      <marc:datafield tag="084" ind1=" " ind2=" ">
         <marc:subfield code="a">PÄ 420</marc:subfield>
         <marc:subfield code="2">sfb</marc:subfield>
      </marc:datafield>
      <marc:datafield tag="084" ind1=" " ind2=" ">
         <marc:subfield code="a">22</marc:subfield>
         <marc:subfield code="a">50</marc:subfield>
         <marc:subfield code="a">48</marc:subfield>
         <marc:subfield code="2">sdnb</marc:subfield>
      </marc:datafield>
      <marc:datafield tag="084" ind1=" " ind2=" ">
         <marc:subfield code="a">DS 7130</marc:subfield>
         <marc:subfield code="2">rvk</marc:subfield>
         <marc:subfield code="0">(DE-625)rvk/19958:</marc:subfield>
      </marc:datafield>
      <marc:datafield tag="084" ind1=" " ind2=" ">
         <marc:subfield code="a">DK 2000</marc:subfield>
         <marc:subfield code="2">rvk</marc:subfield>
         <marc:subfield code="0">(DE-625)rvk/19625:761</marc:subfield>
      </marc:datafield>
      <marc:datafield tag="084" ind1=" " ind2=" ">
         <marc:subfield code="a">DP 6600</marc:subfield>
         <marc:subfield code="2">rvk</marc:subfield>
         <marc:subfield code="0">(DE-625)rvk/19862:12010</marc:subfield>
      </marc:datafield>
      <marc:datafield tag="084" ind1=" " ind2=" ">
         <marc:subfield code="a">DG 9400</marc:subfield>
         <marc:subfield code="2">rvk</marc:subfield>
      </marc:datafield>
      <marc:datafield tag="084" ind1=" " ind2=" ">
         <marc:subfield code="a">ZY 5002</marc:subfield>
         <marc:subfield code="2">rvk</marc:subfield>
         <marc:subfield code="0">(DE-625)rvk/158637:13012</marc:subfield>
      </marc:datafield>
      <marc:datafield tag="084" ind1=" " ind2=" ">
         <marc:subfield code="a">LR 56985</marc:subfield>
         <marc:subfield code="2">rvk</marc:subfield>
         <marc:subfield code="0">(DE-625)rvk/109842:</marc:subfield>
      </marc:datafield>
      <marc:datafield tag="084" ind1=" " ind2=" ">
         <marc:subfield code="a">AP 84050</marc:subfield>
         <marc:subfield code="2">rvk</marc:subfield>
         <marc:subfield code="0">(DE-625)rvk/8030:</marc:subfield>
      </marc:datafield>
      <marc:datafield tag="084" ind1=" " ind2=" ">
         <marc:subfield code="a">76.17</marc:subfield>
         <marc:subfield code="2">bkl</marc:subfield>
      </marc:datafield>
      <marc:datafield tag="084" ind1=" " ind2=" ">
         <marc:subfield code="a">24.41</marc:subfield>
         <marc:subfield code="2">bkl</marc:subfield>
      </marc:datafield>
      <marc:datafield tag="100" ind1="1" ind2=" ">
         <marc:subfield code="a">Hirler, Sabine</marc:subfield>
         <marc:subfield code="d">1961-</marc:subfield>
         <marc:subfield code="0">(DE-588)115541306</marc:subfield>
         <marc:subfield code="0">(DE-627)077317750</marc:subfield>
         <marc:subfield code="0">(DE-576)173773494</marc:subfield>
         <marc:subfield code="4">aut</marc:subfield>
      </marc:datafield>
      <marc:datafield tag="245" ind1="1" ind2="0">
         <marc:subfield code="a">Rhythmikspiele</marc:subfield>
         <marc:subfield code="b">Hand und Fuss, die können tanzen ; rhythmisch-musikalische Spielkomplexe, entwickelt aus Versen und Liedern</marc:subfield>
         <marc:subfield code="c">Sabine Hirler; Edith Penz</marc:subfield>
      </marc:datafield>
      <marc:datafield tag="264" ind1=" " ind2="1">
         <marc:subfield code="a">Seelze</marc:subfield>
         <marc:subfield code="b">Kallmeyer</marc:subfield>
         <marc:subfield code="c">1995</marc:subfield>
      </marc:datafield>
      <marc:datafield tag="300" ind1=" " ind2=" ">
         <marc:subfield code="a">112 S</marc:subfield>
         <marc:subfield code="b">Ill., Notenbeisp</marc:subfield>
         <marc:subfield code="c">30 cm</marc:subfield>
      </marc:datafield>
      <marc:datafield tag="336" ind1=" " ind2=" ">
         <marc:subfield code="a">Text</marc:subfield>
         <marc:subfield code="b">txt</marc:subfield>
         <marc:subfield code="2">rdacontent</marc:subfield>
      </marc:datafield>
      <marc:datafield tag="337" ind1=" " ind2=" ">
         <marc:subfield code="a">ohne Hilfsmittel zu benutzen</marc:subfield>
         <marc:subfield code="b">n</marc:subfield>
         <marc:subfield code="2">rdamedia</marc:subfield>
      </marc:datafield>
      <marc:datafield tag="338" ind1=" " ind2=" ">
         <marc:subfield code="a">Band</marc:subfield>
         <marc:subfield code="b">nc</marc:subfield>
         <marc:subfield code="2">rdacarrier</marc:subfield>
      </marc:datafield>
      <marc:datafield tag="490" ind1="0" ind2=" ">
         <marc:subfield code="a">Edition: Rhythmik</marc:subfield>
      </marc:datafield>
      <marc:datafield tag="591" ind1=" " ind2=" ">
         <marc:subfield code="a">720 ff. bvb; 580 ff. bvb ; IMD-Felder und 1131 maschinell ergänzt (SWB)</marc:subfield>
      </marc:datafield>
      <marc:datafield tag="655" ind1=" " ind2="7">
         <marc:subfield code="a">Unterrichtseinheit</marc:subfield>
         <marc:subfield code="0">(DE-588)4187074-8</marc:subfield>
         <marc:subfield code="0">(DE-627)104362839</marc:subfield>
         <marc:subfield code="0">(DE-576)210043393</marc:subfield>
         <marc:subfield code="2">gnd-content</marc:subfield>
      </marc:datafield>
      <marc:datafield tag="655" ind1=" " ind2="7">
         <marc:subfield code="a">Spiel</marc:subfield>
         <marc:subfield code="0">(DE-588)4056218-9</marc:subfield>
         <marc:subfield code="0">(DE-627)106155369</marc:subfield>
         <marc:subfield code="0">(DE-576)209116994</marc:subfield>
         <marc:subfield code="2">gnd-content</marc:subfield>
      </marc:datafield>
      <marc:datafield tag="689" ind1="0" ind2="0">
         <marc:subfield code="D">s</marc:subfield>
         <marc:subfield code="0">(DE-588)4049867-0</marc:subfield>
         <marc:subfield code="0">(DE-627)106185209</marc:subfield>
         <marc:subfield code="0">(DE-576)209084065</marc:subfield>
         <marc:subfield code="a">Rhythmische Erziehung</marc:subfield>
         <marc:subfield code="2">gnd</marc:subfield>
      </marc:datafield>
      <marc:datafield tag="689" ind1="0" ind2="1">
         <marc:subfield code="D">s</marc:subfield>
         <marc:subfield code="0">(DE-588)4040843-7</marc:subfield>
         <marc:subfield code="0">(DE-627)104377208</marc:subfield>
         <marc:subfield code="0">(DE-576)209042443</marc:subfield>
         <marc:subfield code="a">Musikerziehung</marc:subfield>
         <marc:subfield code="2">gnd</marc:subfield>
      </marc:datafield>
      <marc:datafield tag="689" ind1="0" ind2="2">
         <marc:subfield code="D">s</marc:subfield>
         <marc:subfield code="0">(DE-588)4064017-6</marc:subfield>
         <marc:subfield code="0">(DE-627)106125613</marc:subfield>
         <marc:subfield code="0">(DE-576)20915134X</marc:subfield>
         <marc:subfield code="a">Vorschulkind</marc:subfield>
         <marc:subfield code="2">gnd</marc:subfield>
      </marc:datafield>
      <marc:datafield tag="689" ind1="0" ind2=" ">
         <marc:subfield code="5">DE-101</marc:subfield>
      </marc:datafield>
      <marc:datafield tag="689" ind1="1" ind2="0">
         <marc:subfield code="D">s</marc:subfield>
         <marc:subfield code="0">(DE-588)4178059-0</marc:subfield>
         <marc:subfield code="0">(DE-627)104317256</marc:subfield>
         <marc:subfield code="0">(DE-576)209981970</marc:subfield>
         <marc:subfield code="a">Rhythmik</marc:subfield>
         <marc:subfield code="2">gnd</marc:subfield>
      </marc:datafield>
      <marc:datafield tag="689" ind1="1" ind2=" ">
         <marc:subfield code="5">(DE-627)</marc:subfield>
      </marc:datafield>
      <marc:datafield tag="700" ind1="1" ind2=" ">
         <marc:subfield code="a">Penz, Edith</marc:subfield>
         <marc:subfield code="4">aut</marc:subfield>
      </marc:datafield>
      <marc:datafield tag="935" ind1=" " ind2=" ">
         <marc:subfield code="i">Blocktest</marc:subfield>
      </marc:datafield>
      <marc:datafield tag="936" ind1="r" ind2="v">
         <marc:subfield code="a">DS 7130</marc:subfield>
         <marc:subfield code="b">Kleinkinderziehung</marc:subfield>
         <marc:subfield code="k">Pädagogik</marc:subfield>
         <marc:subfield code="k">Sozialpädagogik, Sozialarbeit</marc:subfield>
         <marc:subfield code="k">Berufsfelder</marc:subfield>
         <marc:subfield code="k">Jugendhilfe</marc:subfield>
         <marc:subfield code="k">Kleinkinderziehung</marc:subfield>
         <marc:subfield code="0">(DE-627)1270784412</marc:subfield>
         <marc:subfield code="0">(DE-625)rvk/19958:</marc:subfield>
         <marc:subfield code="0">(DE-576)200784412</marc:subfield>
      </marc:datafield>
      <marc:datafield tag="936" ind1="r" ind2="v">
         <marc:subfield code="a">DK 2000</marc:subfield>
         <marc:subfield code="b">Allgemeines und Deutschland</marc:subfield>
         <marc:subfield code="k">Pädagogik</marc:subfield>
         <marc:subfield code="k">Schulpädagogik</marc:subfield>
         <marc:subfield code="k">Vorschulerziehung</marc:subfield>
         <marc:subfield code="k">Vorschulerziehung allgemein</marc:subfield>
         <marc:subfield code="k">Allgemeines und Deutschland</marc:subfield>
         <marc:subfield code="0">(DE-627)1270710915</marc:subfield>
         <marc:subfield code="0">(DE-625)rvk/19625:761</marc:subfield>
         <marc:subfield code="0">(DE-576)200710915</marc:subfield>
      </marc:datafield>
      <marc:datafield tag="936" ind1="r" ind2="v">
         <marc:subfield code="a">DP 6600</marc:subfield>
         <marc:subfield code="b">Allgemeines</marc:subfield>
         <marc:subfield code="k">Pädagogik</marc:subfield>
         <marc:subfield code="k">Didaktik und Methodik des Unterrichts</marc:subfield>
         <marc:subfield code="k">Didaktik einzelner Sachgebiete und Themen</marc:subfield>
         <marc:subfield code="k">Fächerübergreifende Unterrichtsgebiete</marc:subfield>
         <marc:subfield code="k">Musische Erziehung</marc:subfield>
         <marc:subfield code="k">Allgemeines</marc:subfield>
         <marc:subfield code="0">(DE-627)127078370X</marc:subfield>
         <marc:subfield code="0">(DE-625)rvk/19862:12010</marc:subfield>
         <marc:subfield code="0">(DE-576)20078370X</marc:subfield>
      </marc:datafield>
      <marc:datafield tag="936" ind1="r" ind2="v">
         <marc:subfield code="a">DG 9400</marc:subfield>
         <marc:subfield code="b">Spiel, Spieltheorie, Erziehung durch Spiel, Spielplätze u.ä.</marc:subfield>
         <marc:subfield code="k">Pädagogik</marc:subfield>
         <marc:subfield code="k">Spezialfragen der Erziehung</marc:subfield>
         <marc:subfield code="k">Spiel, Spieltheorie, Erziehung durch Spiel, Spielplätze u.ä.</marc:subfield>
         <marc:subfield code="0">(DE-627)1270711172</marc:subfield>
         <marc:subfield code="0">(DE-576)200711172</marc:subfield>
      </marc:datafield>
      <marc:datafield tag="936" ind1="r" ind2="v">
         <marc:subfield code="a">ZY 5002</marc:subfield>
         <marc:subfield code="b">Trainingsanleitungen; Didaktik einzelner Sportarten</marc:subfield>
         <marc:subfield code="k">Sport</marc:subfield>
         <marc:subfield code="k">Sportpraxis</marc:subfield>
         <marc:subfield code="k">Gymnastik</marc:subfield>
         <marc:subfield code="k">Bewegungsbildung, Rhythmik</marc:subfield>
         <marc:subfield code="k">Schlüssel zur Fachsystematik Sport</marc:subfield>
         <marc:subfield code="k">Trainingsanleitungen; Didaktik einzelner Sportarten</marc:subfield>
         <marc:subfield code="0">(DE-627)1271516373</marc:subfield>
         <marc:subfield code="0">(DE-625)rvk/158637:13012</marc:subfield>
         <marc:subfield code="0">(DE-576)201516373</marc:subfield>
      </marc:datafield>
      <marc:datafield tag="936" ind1="r" ind2="v">
         <marc:subfield code="a">LR 56985</marc:subfield>
         <marc:subfield code="b">Musik und Bewegung, Rhythmik, Tanz, Motorik</marc:subfield>
         <marc:subfield code="k">Musikwissenschaft</marc:subfield>
         <marc:subfield code="k">I. Musica theoretica</marc:subfield>
         <marc:subfield code="k">Sachteil: Musica theoretica (einschl. Realien mit geographischem Bezug)</marc:subfield>
         <marc:subfield code="k">Musikpädagogik</marc:subfield>
         <marc:subfield code="k">Musik und Bewegung, Rhythmik, Tanz, Motorik</marc:subfield>
         <marc:subfield code="0">(DE-627)1270821873</marc:subfield>
         <marc:subfield code="0">(DE-625)rvk/109842:</marc:subfield>
         <marc:subfield code="0">(DE-576)200821873</marc:subfield>
      </marc:datafield>
      <marc:datafield tag="936" ind1="r" ind2="v">
         <marc:subfield code="a">AP 84050</marc:subfield>
         <marc:subfield code="b">Gymnastik, Rhythmik</marc:subfield>
         <marc:subfield code="k">Allgemeines</marc:subfield>
         <marc:subfield code="k">Medien- und Kommunikationswissenschaften, Kommunikationsdesign</marc:subfield>
         <marc:subfield code="k">Tanz</marc:subfield>
         <marc:subfield code="k">Natur und Kultur des Tanzes, Forschung</marc:subfield>
         <marc:subfield code="k">Gymnastik, Rhythmik</marc:subfield>
         <marc:subfield code="0">(DE-627)1270693379</marc:subfield>
         <marc:subfield code="0">(DE-625)rvk/8030:</marc:subfield>
         <marc:subfield code="0">(DE-576)200693379</marc:subfield>
      </marc:datafield>
      <marc:datafield tag="936" ind1="b" ind2="k">
         <marc:subfield code="a">76.17</marc:subfield>
         <marc:subfield code="j">Turnen</marc:subfield>
         <marc:subfield code="j">Gymnastik</marc:subfield>
         <marc:subfield code="0">(DE-627)181570254</marc:subfield>
      </marc:datafield>
      <marc:datafield tag="936" ind1="b" ind2="k">
         <marc:subfield code="a">24.41</marc:subfield>
         <marc:subfield code="j">Ausbildung</marc:subfield>
         <marc:subfield code="j">Beruf</marc:subfield>
         <marc:subfield code="j">Organisationen</marc:subfield>
         <marc:subfield code="x">Musik</marc:subfield>
         <marc:subfield code="0">(DE-627)106405888</marc:subfield>
      </marc:datafield>
      <marc:datafield tag="951" ind1=" " ind2=" ">
         <marc:subfield code="a">BO</marc:subfield>
      </marc:datafield>
   </marc:record>