
   <marc:record>
      <marc:leader>     cam a22        4500</marc:leader>
      <marc:controlfield tag="001">079463673</marc:controlfield>
      <marc:controlfield tag="003">DE-576</marc:controlfield>
      <marc:controlfield tag="005">20191130233312.0</marc:controlfield>
      <marc:controlfield tag="007">tu</marc:controlfield>
      <marc:controlfield tag="008">950107s1957    au |||||      00| ||ger c</marc:controlfield>
      <marc:datafield tag="016" ind1="7" ind2=" ">
         <marc:subfield code="a">454037309</marc:subfield>
         <marc:subfield code="2">DE-101</marc:subfield>
      </marc:datafield>
      <marc:datafield tag="020" ind1=" " ind2=" ">
         <marc:subfield code="c"> : S. 80. (kart.)</marc:subfield>
      </marc:datafield>
      <marc:datafield tag="035" ind1=" " ind2=" ">
         <marc:subfield code="a">(DE-627)178557277</marc:subfield>
      </marc:datafield>
      <marc:datafield tag="035" ind1=" " ind2=" ">
         <marc:subfield code="a">(DE-576)079463673</marc:subfield>
      </marc:datafield>
      <marc:datafield tag="035" ind1=" " ind2=" ">
         <marc:subfield code="a">(DE-599)GBV178557277</marc:subfield>
      </marc:datafield>
      <marc:datafield tag="035" ind1=" " ind2=" ">
         <marc:subfield code="a">(OCoLC)251228511</marc:subfield>
      </marc:datafield>
      <marc:datafield tag="035" ind1=" " ind2=" ">
         <marc:subfield code="a">(OCoLC)07082283</marc:subfield>
      </marc:datafield>
      <marc:datafield tag="035" ind1=" " ind2=" ">
         <marc:subfield code="a">(AT-OBV)AC04737000</marc:subfield>
      </marc:datafield>
      <marc:datafield tag="040" ind1=" " ind2=" ">
         <marc:subfield code="a">DE-576</marc:subfield>
         <marc:subfield code="b">ger</marc:subfield>
         <marc:subfield code="c">DE-576</marc:subfield>
         <marc:subfield code="e">rakwb</marc:subfield>
      </marc:datafield>
      <marc:datafield tag="041" ind1=" " ind2=" ">
         <marc:subfield code="a">ger</marc:subfield>
      </marc:datafield>
      <marc:datafield tag="044" ind1=" " ind2=" ">
         <marc:subfield code="c">XA-AT</marc:subfield>
      </marc:datafield>
      <marc:datafield tag="082" ind1="0" ind2=" ">
         <marc:subfield code="a">793.3</marc:subfield>
      </marc:datafield>
      <marc:datafield tag="084" ind1=" " ind2=" ">
         <marc:subfield code="a">14a</marc:subfield>
         <marc:subfield code="a">10a</marc:subfield>
         <marc:subfield code="a">07a</marc:subfield>
         <marc:subfield code="2">sdnb</marc:subfield>
      </marc:datafield>
      <marc:datafield tag="084" ind1=" " ind2=" ">
         <marc:subfield code="a">AP 85050</marc:subfield>
         <marc:subfield code="2">rvk</marc:subfield>
         <marc:subfield code="0">(DE-625)rvk/8048:</marc:subfield>
      </marc:datafield>
      <marc:datafield tag="100" ind1="1" ind2=" ">
         <marc:subfield code="a">Riedl, Adalbert</marc:subfield>
         <marc:subfield code="d">1898-1978</marc:subfield>
         <marc:subfield code="0">(DE-588)139724214</marc:subfield>
         <marc:subfield code="0">(DE-627)703442414</marc:subfield>
         <marc:subfield code="0">(DE-576)312873492</marc:subfield>
         <marc:subfield code="4">aut</marc:subfield>
      </marc:datafield>
      <marc:datafield tag="245" ind1="1" ind2="0">
         <marc:subfield code="a">Lieder, Reime und Spiele der Kinder im Burgenland</marc:subfield>
         <marc:subfield code="c">ges. und hrsg. von Adalbert Riedl und Karl M. Klier</marc:subfield>
      </marc:datafield>
      <marc:datafield tag="263" ind1=" " ind2=" ">
         <marc:subfield code="a">kart. : S. 80.-</marc:subfield>
      </marc:datafield>
      <marc:datafield tag="264" ind1=" " ind2="1">
         <marc:subfield code="a">Eisenstadt</marc:subfield>
         <marc:subfield code="b">Burgenländ. Landesmuseum</marc:subfield>
         <marc:subfield code="c">1957</marc:subfield>
      </marc:datafield>
      <marc:datafield tag="300" ind1=" " ind2=" ">
         <marc:subfield code="a">X, 320 S.</marc:subfield>
         <marc:subfield code="b">Ill., Notenbeisp.</marc:subfield>
      </marc:datafield>
      <marc:datafield tag="336" ind1=" " ind2=" ">
         <marc:subfield code="a">Text</marc:subfield>
         <marc:subfield code="b">txt</marc:subfield>
         <marc:subfield code="2">rdacontent</marc:subfield>
      </marc:datafield>
      <marc:datafield tag="337" ind1=" " ind2=" ">
         <marc:subfield code="a">ohne Hilfsmittel zu benutzen</marc:subfield>
         <marc:subfield code="b">n</marc:subfield>
         <marc:subfield code="2">rdamedia</marc:subfield>
      </marc:datafield>
      <marc:datafield tag="338" ind1=" " ind2=" ">
         <marc:subfield code="a">Band</marc:subfield>
         <marc:subfield code="b">nc</marc:subfield>
         <marc:subfield code="2">rdacarrier</marc:subfield>
      </marc:datafield>
      <marc:datafield tag="490" ind1="1" ind2=" ">
         <marc:subfield code="a">Wissenschaftliche Arbeiten aus dem Burgenland</marc:subfield>
         <marc:subfield code="v">14</marc:subfield>
      </marc:datafield>
      <marc:datafield tag="500" ind1=" " ind2=" ">
         <marc:subfield code="a">Literaturverz. S. VIII - X</marc:subfield>
      </marc:datafield>
      <marc:datafield tag="501" ind1=" " ind2=" ">
         <marc:subfield code="a">Literaturverz. S. VIII - X</marc:subfield>
      </marc:datafield>
      <marc:datafield tag="591" ind1=" " ind2=" ">
         <marc:subfield code="a">580:S1LB/snäg ; IMD-Felder und 1131 maschinell ergänzt (SWB)</marc:subfield>
      </marc:datafield>
      <marc:datafield tag="655" ind1=" " ind2="7">
         <marc:subfield code="a">Beispielsammlung</marc:subfield>
         <marc:subfield code="0">(DE-588)4144384-6</marc:subfield>
         <marc:subfield code="0">(DE-627)104798521</marc:subfield>
         <marc:subfield code="0">(DE-576)209733659</marc:subfield>
         <marc:subfield code="2">gnd-content</marc:subfield>
      </marc:datafield>
      <marc:datafield tag="655" ind1=" " ind2="7">
         <marc:subfield code="a">Quelle</marc:subfield>
         <marc:subfield code="0">(DE-588)4135952-5</marc:subfield>
         <marc:subfield code="0">(DE-627)105661236</marc:subfield>
         <marc:subfield code="0">(DE-576)209665084</marc:subfield>
         <marc:subfield code="2">gnd-content</marc:subfield>
      </marc:datafield>
      <marc:datafield tag="689" ind1="0" ind2="0">
         <marc:subfield code="D">g</marc:subfield>
         <marc:subfield code="0">(DE-588)4009114-4</marc:subfield>
         <marc:subfield code="0">(DE-627)10636460X</marc:subfield>
         <marc:subfield code="0">(DE-576)20888047X</marc:subfield>
         <marc:subfield code="a">Burgenland</marc:subfield>
         <marc:subfield code="2">gnd</marc:subfield>
      </marc:datafield>
      <marc:datafield tag="689" ind1="0" ind2="1">
         <marc:subfield code="D">s</marc:subfield>
         <marc:subfield code="0">(DE-588)4127870-7</marc:subfield>
         <marc:subfield code="0">(DE-627)105721492</marc:subfield>
         <marc:subfield code="0">(DE-576)209597259</marc:subfield>
         <marc:subfield code="a">Kinderlied</marc:subfield>
         <marc:subfield code="2">gnd</marc:subfield>
      </marc:datafield>
      <marc:datafield tag="689" ind1="0" ind2=" ">
         <marc:subfield code="5">DE-101</marc:subfield>
      </marc:datafield>
      <marc:datafield tag="689" ind1="1" ind2="0">
         <marc:subfield code="D">g</marc:subfield>
         <marc:subfield code="0">(DE-588)4009114-4</marc:subfield>
         <marc:subfield code="0">(DE-627)10636460X</marc:subfield>
         <marc:subfield code="0">(DE-576)20888047X</marc:subfield>
         <marc:subfield code="a">Burgenland</marc:subfield>
         <marc:subfield code="2">gnd</marc:subfield>
      </marc:datafield>
      <marc:datafield tag="689" ind1="1" ind2="1">
         <marc:subfield code="D">s</marc:subfield>
         <marc:subfield code="0">(DE-588)4073413-4</marc:subfield>
         <marc:subfield code="0">(DE-627)10609243X</marc:subfield>
         <marc:subfield code="0">(DE-576)20919040X</marc:subfield>
         <marc:subfield code="a">Kinderspiel</marc:subfield>
         <marc:subfield code="2">gnd</marc:subfield>
      </marc:datafield>
      <marc:datafield tag="689" ind1="1" ind2=" ">
         <marc:subfield code="5">DE-101</marc:subfield>
      </marc:datafield>
      <marc:datafield tag="689" ind1="2" ind2="0">
         <marc:subfield code="D">g</marc:subfield>
         <marc:subfield code="0">(DE-588)4009114-4</marc:subfield>
         <marc:subfield code="0">(DE-627)10636460X</marc:subfield>
         <marc:subfield code="0">(DE-576)20888047X</marc:subfield>
         <marc:subfield code="a">Burgenland</marc:subfield>
         <marc:subfield code="2">gnd</marc:subfield>
      </marc:datafield>
      <marc:datafield tag="689" ind1="2" ind2="1">
         <marc:subfield code="D">s</marc:subfield>
         <marc:subfield code="0">(DE-588)4163853-0</marc:subfield>
         <marc:subfield code="0">(DE-627)105451703</marc:subfield>
         <marc:subfield code="0">(DE-576)209884274</marc:subfield>
         <marc:subfield code="a">Kinderreim</marc:subfield>
         <marc:subfield code="2">gnd</marc:subfield>
      </marc:datafield>
      <marc:datafield tag="689" ind1="2" ind2=" ">
         <marc:subfield code="5">DE-101</marc:subfield>
      </marc:datafield>
      <marc:datafield tag="689" ind1="3" ind2="0">
         <marc:subfield code="D">g</marc:subfield>
         <marc:subfield code="0">(DE-588)4009114-4</marc:subfield>
         <marc:subfield code="0">(DE-627)10636460X</marc:subfield>
         <marc:subfield code="0">(DE-576)20888047X</marc:subfield>
         <marc:subfield code="a">Burgenland</marc:subfield>
         <marc:subfield code="2">gnd</marc:subfield>
      </marc:datafield>
      <marc:datafield tag="689" ind1="3" ind2="1">
         <marc:subfield code="D">s</marc:subfield>
         <marc:subfield code="0">(DE-588)4127870-7</marc:subfield>
         <marc:subfield code="0">(DE-627)105721492</marc:subfield>
         <marc:subfield code="0">(DE-576)209597259</marc:subfield>
         <marc:subfield code="a">Kinderlied</marc:subfield>
         <marc:subfield code="2">gnd</marc:subfield>
      </marc:datafield>
      <marc:datafield tag="689" ind1="3" ind2="2">
         <marc:subfield code="D">s</marc:subfield>
         <marc:subfield code="0">(DE-588)4073413-4</marc:subfield>
         <marc:subfield code="0">(DE-627)10609243X</marc:subfield>
         <marc:subfield code="0">(DE-576)20919040X</marc:subfield>
         <marc:subfield code="a">Kinderspiel</marc:subfield>
         <marc:subfield code="2">gnd</marc:subfield>
      </marc:datafield>
      <marc:datafield tag="689" ind1="3" ind2=" ">
         <marc:subfield code="5">(DE-627)</marc:subfield>
      </marc:datafield>
      <marc:datafield tag="700" ind1="1" ind2=" ">
         <marc:subfield code="a">Klier, Karl Magnus</marc:subfield>
         <marc:subfield code="d">1892-1966</marc:subfield>
         <marc:subfield code="0">(DE-588)137979215</marc:subfield>
         <marc:subfield code="0">(DE-627)598851143</marc:subfield>
         <marc:subfield code="0">(DE-576)161737781</marc:subfield>
         <marc:subfield code="4">aut</marc:subfield>
      </marc:datafield>
      <marc:datafield tag="710" ind1="2" ind2=" ">
         <marc:subfield code="a">Burgenländisches Landesmuseum</marc:subfield>
         <marc:subfield code="0">(DE-588)4028233-8</marc:subfield>
         <marc:subfield code="0">(DE-627)106280627</marc:subfield>
         <marc:subfield code="0">(DE-576)208975454</marc:subfield>
         <marc:subfield code="4">oth</marc:subfield>
      </marc:datafield>
      <marc:datafield tag="830" ind1=" " ind2="0">
         <marc:subfield code="a">Wissenschaftliche Arbeiten aus dem Burgenland</marc:subfield>
         <marc:subfield code="v">14</marc:subfield>
         <marc:subfield code="9">14</marc:subfield>
         <marc:subfield code="w">(DE-627)165665467</marc:subfield>
         <marc:subfield code="w">(DE-576)016273850</marc:subfield>
         <marc:subfield code="w">(DE-600)975252-3</marc:subfield>
         <marc:subfield code="x">0510-6990</marc:subfield>
      </marc:datafield>
      <marc:datafield tag="856" ind1="4" ind2="2">
         <marc:subfield code="u">http://d-nb.info/454037309/04</marc:subfield>
         <marc:subfield code="m">B:DE-101</marc:subfield>
         <marc:subfield code="q">pdf/application</marc:subfield>
         <marc:subfield code="v">20161126003402</marc:subfield>
         <marc:subfield code="x">Verlag</marc:subfield>
         <marc:subfield code="3">Inhaltsverzeichnis</marc:subfield>
      </marc:datafield>
      <marc:datafield tag="935" ind1=" " ind2=" ">
         <marc:subfield code="i">Blocktest</marc:subfield>
      </marc:datafield>
      <marc:datafield tag="936" ind1="r" ind2="v">
         <marc:subfield code="a">AP 85050</marc:subfield>
         <marc:subfield code="b">Kindertanz</marc:subfield>
         <marc:subfield code="k">Allgemeines</marc:subfield>
         <marc:subfield code="k">Medien- und Kommunikationswissenschaften, Kommunikationsdesign</marc:subfield>
         <marc:subfield code="k">Tanz</marc:subfield>
         <marc:subfield code="k">Volkstanz</marc:subfield>
         <marc:subfield code="k">Kindertanz</marc:subfield>
         <marc:subfield code="0">(DE-627)1270693530</marc:subfield>
         <marc:subfield code="0">(DE-625)rvk/8048:</marc:subfield>
         <marc:subfield code="0">(DE-576)200693530</marc:subfield>
      </marc:datafield>
      <marc:datafield tag="951" ind1=" " ind2=" ">
         <marc:subfield code="a">BO</marc:subfield>
      </marc:datafield>
   </marc:record>