
   <marc:record>
      <marc:leader>     cas a22        4500</marc:leader>
      <marc:controlfield tag="001">03285269X</marc:controlfield>
      <marc:controlfield tag="003">DE-576</marc:controlfield>
      <marc:controlfield tag="005">20201013122822.0</marc:controlfield>
      <marc:controlfield tag="007">tu</marc:controlfield>
      <marc:controlfield tag="008">941106d19912002gw z| m|      0   |0ger c</marc:controlfield>
      <marc:datafield tag="015" ind1=" " ind2=" ">
         <marc:subfield code="a">04,A50,1702</marc:subfield>
         <marc:subfield code="2">dnb</marc:subfield>
      </marc:datafield>
      <marc:datafield tag="016" ind1="7" ind2=" ">
         <marc:subfield code="a">016178645</marc:subfield>
         <marc:subfield code="2">DE-101</marc:subfield>
      </marc:datafield>
      <marc:datafield tag="016" ind1="7" ind2=" ">
         <marc:subfield code="a">1087173-1</marc:subfield>
         <marc:subfield code="2">DE-600</marc:subfield>
      </marc:datafield>
      <marc:datafield tag="022" ind1=" " ind2=" ">
         <marc:subfield code="a">0940-1008</marc:subfield>
      </marc:datafield>
      <marc:datafield tag="024" ind1="7" ind2=" ">
         <marc:subfield code="a">98000022</marc:subfield>
         <marc:subfield code="2">swets</marc:subfield>
      </marc:datafield>
      <marc:datafield tag="035" ind1=" " ind2=" ">
         <marc:subfield code="a">(DE-627)170655296</marc:subfield>
      </marc:datafield>
      <marc:datafield tag="035" ind1=" " ind2=" ">
         <marc:subfield code="a">(DE-576)03285269X</marc:subfield>
      </marc:datafield>
      <marc:datafield tag="035" ind1=" " ind2=" ">
         <marc:subfield code="a">(DE-599)ZDB1087173-1</marc:subfield>
      </marc:datafield>
      <marc:datafield tag="035" ind1=" " ind2=" ">
         <marc:subfield code="a">(OCoLC)613525619</marc:subfield>
      </marc:datafield>
      <marc:datafield tag="035" ind1=" " ind2=" ">
         <marc:subfield code="a">(OCoLC)613525619</marc:subfield>
      </marc:datafield>
      <marc:datafield tag="040" ind1=" " ind2=" ">
         <marc:subfield code="a">DE-576</marc:subfield>
         <marc:subfield code="b">ger</marc:subfield>
         <marc:subfield code="c">DE-576</marc:subfield>
         <marc:subfield code="e">rakwb</marc:subfield>
      </marc:datafield>
      <marc:datafield tag="041" ind1=" " ind2=" ">
         <marc:subfield code="a">ger</marc:subfield>
      </marc:datafield>
      <marc:datafield tag="044" ind1=" " ind2=" ">
         <marc:subfield code="c">XA-DE</marc:subfield>
      </marc:datafield>
      <marc:datafield tag="082" ind1="0" ind2="4">
         <marc:subfield code="a">792</marc:subfield>
         <marc:subfield code="q">DE-101</marc:subfield>
      </marc:datafield>
      <marc:datafield tag="082" ind1="0" ind2="4">
         <marc:subfield code="a">793</marc:subfield>
         <marc:subfield code="a">796</marc:subfield>
         <marc:subfield code="q">DE-600</marc:subfield>
      </marc:datafield>
      <marc:datafield tag="084" ind1=" " ind2=" ">
         <marc:subfield code="a">THEATER</marc:subfield>
         <marc:subfield code="q">DE-30</marc:subfield>
         <marc:subfield code="2">fid</marc:subfield>
      </marc:datafield>
      <marc:datafield tag="084" ind1=" " ind2=" ">
         <marc:subfield code="a">AP 80100</marc:subfield>
         <marc:subfield code="2">rvk</marc:subfield>
         <marc:subfield code="0">(DE-625)rvk/7993:</marc:subfield>
      </marc:datafield>
      <marc:datafield tag="084" ind1=" " ind2=" ">
         <marc:subfield code="a">24.15</marc:subfield>
         <marc:subfield code="2">bkl</marc:subfield>
      </marc:datafield>
      <marc:datafield tag="245" ind1="1" ind2="0">
         <marc:subfield code="a">Tanzforschung</marc:subfield>
         <marc:subfield code="c">hrsg. im Auftrag der Gesellschaft für Tanzforschung</marc:subfield>
      </marc:datafield>
      <marc:datafield tag="247" ind1="1" ind2="0">
         <marc:subfield code="a">Jahrbuch</marc:subfield>
         <marc:subfield code="f">Zusatz anfangs</marc:subfield>
      </marc:datafield>
      <marc:datafield tag="247" ind1="1" ind2="0">
         <marc:subfield code="a">Jahrbuch Tanzforschung</marc:subfield>
         <marc:subfield code="f">Nebent. anfangs</marc:subfield>
      </marc:datafield>
      <marc:datafield tag="264" ind1="3" ind2="1">
         <marc:subfield code="a">Münster</marc:subfield>
         <marc:subfield code="a">Hamburg [u.a.]</marc:subfield>
         <marc:subfield code="b">Lit-Verl.</marc:subfield>
         <marc:subfield code="c">1991-2002</marc:subfield>
      </marc:datafield>
      <marc:datafield tag="264" ind1="2" ind2="1">
         <marc:subfield code="a">Wilhelmshaven</marc:subfield>
         <marc:subfield code="b">Noetzel</marc:subfield>
         <marc:subfield code="c">1991-1996</marc:subfield>
      </marc:datafield>
      <marc:datafield tag="336" ind1=" " ind2=" ">
         <marc:subfield code="a">Text</marc:subfield>
         <marc:subfield code="b">txt</marc:subfield>
         <marc:subfield code="2">rdacontent</marc:subfield>
      </marc:datafield>
      <marc:datafield tag="337" ind1=" " ind2=" ">
         <marc:subfield code="a">ohne Hilfsmittel zu benutzen</marc:subfield>
         <marc:subfield code="b">n</marc:subfield>
         <marc:subfield code="2">rdamedia</marc:subfield>
      </marc:datafield>
      <marc:datafield tag="338" ind1=" " ind2=" ">
         <marc:subfield code="a">Band</marc:subfield>
         <marc:subfield code="b">nc</marc:subfield>
         <marc:subfield code="2">rdacarrier</marc:subfield>
      </marc:datafield>
      <marc:datafield tag="362" ind1="0" ind2=" ">
         <marc:subfield code="a">1.1990(1991) - 6.1995(1996); 10.2000 - 12.2002</marc:subfield>
      </marc:datafield>
      <marc:datafield tag="363" ind1="0" ind2="0">
         <marc:subfield code="a">1</marc:subfield>
         <marc:subfield code="i">1990</marc:subfield>
      </marc:datafield>
      <marc:datafield tag="363" ind1="1" ind2="0">
         <marc:subfield code="i">1995</marc:subfield>
         <marc:subfield code="a">6</marc:subfield>
      </marc:datafield>
      <marc:datafield tag="515" ind1=" " ind2=" ">
         <marc:subfield code="a">10.2000 - 12.2002 als Schriftenreihe</marc:subfield>
      </marc:datafield>
      <marc:datafield tag="591" ind1=" " ind2=" ">
         <marc:subfield code="a">580:S1LB/Sgi (SWB). - IIA!IIA!(läuft weiter,7/95)34!Kn41!se-Änderung355!(05-11-03)</marc:subfield>
      </marc:datafield>
      <marc:datafield tag="655" ind1=" " ind2="7">
         <marc:subfield code="a">Monografische Reihe</marc:subfield>
         <marc:subfield code="0">(DE-588)4179998-7</marc:subfield>
         <marc:subfield code="0">(DE-627)104628669</marc:subfield>
         <marc:subfield code="0">(DE-576)209995106</marc:subfield>
         <marc:subfield code="2">gnd-content</marc:subfield>
      </marc:datafield>
      <marc:datafield tag="689" ind1="0" ind2="0">
         <marc:subfield code="D">s</marc:subfield>
         <marc:subfield code="0">(DE-588)4059028-8</marc:subfield>
         <marc:subfield code="0">(DE-627)106144979</marc:subfield>
         <marc:subfield code="0">(DE-576)209129018</marc:subfield>
         <marc:subfield code="a">Tanz</marc:subfield>
         <marc:subfield code="2">gnd</marc:subfield>
      </marc:datafield>
      <marc:datafield tag="689" ind1="0" ind2=" ">
         <marc:subfield code="5">DE-101</marc:subfield>
      </marc:datafield>
      <marc:datafield tag="689" ind1="1" ind2="0">
         <marc:subfield code="D">s</marc:subfield>
         <marc:subfield code="0">(DE-588)4059028-8</marc:subfield>
         <marc:subfield code="0">(DE-627)106144979</marc:subfield>
         <marc:subfield code="0">(DE-576)209129018</marc:subfield>
         <marc:subfield code="a">Tanz</marc:subfield>
         <marc:subfield code="2">gnd</marc:subfield>
      </marc:datafield>
      <marc:datafield tag="689" ind1="1" ind2="1">
         <marc:subfield code="D">s</marc:subfield>
         <marc:subfield code="0">(DE-588)4017894-8</marc:subfield>
         <marc:subfield code="0">(DE-627)106328379</marc:subfield>
         <marc:subfield code="0">(DE-576)208921524</marc:subfield>
         <marc:subfield code="a">Forschung</marc:subfield>
         <marc:subfield code="2">gnd</marc:subfield>
      </marc:datafield>
      <marc:datafield tag="689" ind1="1" ind2=" ">
         <marc:subfield code="5">DE-101</marc:subfield>
      </marc:datafield>
      <marc:datafield tag="689" ind1="2" ind2="0">
         <marc:subfield code="D">s</marc:subfield>
         <marc:subfield code="0">(DE-588)4059028-8</marc:subfield>
         <marc:subfield code="0">(DE-627)106144979</marc:subfield>
         <marc:subfield code="0">(DE-576)209129018</marc:subfield>
         <marc:subfield code="a">Tanz</marc:subfield>
         <marc:subfield code="2">gnd</marc:subfield>
      </marc:datafield>
      <marc:datafield tag="689" ind1="2" ind2="1">
         <marc:subfield code="D">s</marc:subfield>
         <marc:subfield code="0">(DE-588)4017894-8</marc:subfield>
         <marc:subfield code="0">(DE-627)106328379</marc:subfield>
         <marc:subfield code="0">(DE-576)208921524</marc:subfield>
         <marc:subfield code="a">Forschung</marc:subfield>
         <marc:subfield code="2">gnd</marc:subfield>
      </marc:datafield>
      <marc:datafield tag="689" ind1="2" ind2=" ">
         <marc:subfield code="5">(DE-627)</marc:subfield>
      </marc:datafield>
      <marc:datafield tag="710" ind1="2" ind2=" ">
         <marc:subfield code="a">Gesellschaft für Tanzforschung</marc:subfield>
         <marc:subfield code="e">Herausgebendes Organ</marc:subfield>
         <marc:subfield code="0">(DE-588)3006629-3</marc:subfield>
         <marc:subfield code="0">(DE-627)102037329</marc:subfield>
         <marc:subfield code="0">(DE-576)193807106</marc:subfield>
         <marc:subfield code="4">isb</marc:subfield>
      </marc:datafield>
      <marc:datafield tag="785" ind1="0" ind2="0">
         <marc:subfield code="i">7.1996 - 9.1998 u. Forts.</marc:subfield>
         <marc:subfield code="t">Jahrbuch Tanzforschung</marc:subfield>
         <marc:subfield code="d">Bielefeld : transcript, 1997</marc:subfield>
         <marc:subfield code="w">(DE-627)230196624</marc:subfield>
         <marc:subfield code="w">(DE-600)1384897-5</marc:subfield>
         <marc:subfield code="w">(DE-576)060513764</marc:subfield>
         <marc:subfield code="x">0940-1008</marc:subfield>
      </marc:datafield>
      <marc:datafield tag="935" ind1=" " ind2=" ">
         <marc:subfield code="a">SAXB</marc:subfield>
         <marc:subfield code="a">mteo</marc:subfield>
      </marc:datafield>
      <marc:datafield tag="936" ind1="r" ind2="v">
         <marc:subfield code="a">AP 80100</marc:subfield>
         <marc:subfield code="b">Zeitschriften</marc:subfield>
         <marc:subfield code="k">Allgemeines</marc:subfield>
         <marc:subfield code="k">Medien- und Kommunikationswissenschaften, Kommunikationsdesign</marc:subfield>
         <marc:subfield code="k">Tanz</marc:subfield>
         <marc:subfield code="k">Bibliografien, Sammelschriften</marc:subfield>
         <marc:subfield code="k">Zeitschriften</marc:subfield>
         <marc:subfield code="0">(DE-627)1544301588</marc:subfield>
         <marc:subfield code="0">(DE-625)rvk/7993:</marc:subfield>
         <marc:subfield code="0">(DE-576)474301583</marc:subfield>
      </marc:datafield>
      <marc:datafield tag="936" ind1="b" ind2="k">
         <marc:subfield code="a">24.15</marc:subfield>
         <marc:subfield code="j">Tanzkunst</marc:subfield>
         <marc:subfield code="j">Bewegungskunst</marc:subfield>
         <marc:subfield code="0">(DE-627)10640606X</marc:subfield>
      </marc:datafield>
      <marc:datafield tag="951" ind1=" " ind2=" ">
         <marc:subfield code="a">ST</marc:subfield>
      </marc:datafield>
   </marc:record>