
   <marc:record>
      <marc:leader>     cas a22        4500</marc:leader>
      <marc:controlfield tag="001">014552116</marc:controlfield>
      <marc:controlfield tag="003">DE-576</marc:controlfield>
      <marc:controlfield tag="005">20190608190541.0</marc:controlfield>
      <marc:controlfield tag="007">tu</marc:controlfield>
      <marc:controlfield tag="008">941027d19501994xxkz| p|      0   |0eng c</marc:controlfield>
      <marc:datafield tag="016" ind1="7" ind2=" ">
         <marc:subfield code="a">010749535</marc:subfield>
         <marc:subfield code="2">DE-101</marc:subfield>
      </marc:datafield>
      <marc:datafield tag="016" ind1="7" ind2=" ">
         <marc:subfield code="a">130751-4</marc:subfield>
         <marc:subfield code="2">DE-600</marc:subfield>
      </marc:datafield>
      <marc:datafield tag="022" ind1=" " ind2=" ">
         <marc:subfield code="a">0011-5983</marc:subfield>
      </marc:datafield>
      <marc:datafield tag="024" ind1="7" ind2=" ">
         <marc:subfield code="a">00159808</marc:subfield>
         <marc:subfield code="2">swets</marc:subfield>
      </marc:datafield>
      <marc:datafield tag="035" ind1=" " ind2=" ">
         <marc:subfield code="a">(DE-627)166222453</marc:subfield>
      </marc:datafield>
      <marc:datafield tag="035" ind1=" " ind2=" ">
         <marc:subfield code="a">(DE-576)014552116</marc:subfield>
      </marc:datafield>
      <marc:datafield tag="035" ind1=" " ind2=" ">
         <marc:subfield code="a">(DE-599)ZDB130751-4</marc:subfield>
      </marc:datafield>
      <marc:datafield tag="035" ind1=" " ind2=" ">
         <marc:subfield code="a">(OCoLC)310964146</marc:subfield>
      </marc:datafield>
      <marc:datafield tag="035" ind1=" " ind2=" ">
         <marc:subfield code="a">(OCoLC)310964146</marc:subfield>
      </marc:datafield>
      <marc:datafield tag="040" ind1=" " ind2=" ">
         <marc:subfield code="a">DE-576</marc:subfield>
         <marc:subfield code="b">ger</marc:subfield>
         <marc:subfield code="c">DE-576</marc:subfield>
         <marc:subfield code="e">rakwb</marc:subfield>
      </marc:datafield>
      <marc:datafield tag="041" ind1=" " ind2=" ">
         <marc:subfield code="a">eng</marc:subfield>
      </marc:datafield>
      <marc:datafield tag="044" ind1=" " ind2=" ">
         <marc:subfield code="c">XA-GB</marc:subfield>
      </marc:datafield>
      <marc:datafield tag="082" ind1="0" ind2="4">
         <marc:subfield code="a">792</marc:subfield>
         <marc:subfield code="q">DE-600</marc:subfield>
      </marc:datafield>
      <marc:datafield tag="084" ind1=" " ind2=" ">
         <marc:subfield code="a">THEATER</marc:subfield>
         <marc:subfield code="q">DE-30</marc:subfield>
         <marc:subfield code="2">fid</marc:subfield>
      </marc:datafield>
      <marc:datafield tag="084" ind1=" " ind2=" ">
         <marc:subfield code="a">24.00</marc:subfield>
         <marc:subfield code="2">bkl</marc:subfield>
      </marc:datafield>
      <marc:datafield tag="245" ind1="1" ind2="0">
         <marc:subfield code="a">Dance and dancers</marc:subfield>
      </marc:datafield>
      <marc:datafield tag="247" ind1="1" ind2="0">
         <marc:subfield code="a">Dance &amp; dancers</marc:subfield>
         <marc:subfield code="f">Hauptsacht. teils</marc:subfield>
      </marc:datafield>
      <marc:datafield tag="264" ind1="3" ind2="1">
         <marc:subfield code="a">South Croydon</marc:subfield>
         <marc:subfield code="b">Brevet</marc:subfield>
         <marc:subfield code="c">1950-1994</marc:subfield>
      </marc:datafield>
      <marc:datafield tag="264" ind1="2" ind2="1">
         <marc:subfield code="a">London</marc:subfield>
         <marc:subfield code="b">Hansom Books</marc:subfield>
         <marc:subfield code="c">anfangs</marc:subfield>
      </marc:datafield>
      <marc:datafield tag="336" ind1=" " ind2=" ">
         <marc:subfield code="a">Text</marc:subfield>
         <marc:subfield code="b">txt</marc:subfield>
         <marc:subfield code="2">rdacontent</marc:subfield>
      </marc:datafield>
      <marc:datafield tag="337" ind1=" " ind2=" ">
         <marc:subfield code="a">ohne Hilfsmittel zu benutzen</marc:subfield>
         <marc:subfield code="b">n</marc:subfield>
         <marc:subfield code="2">rdamedia</marc:subfield>
      </marc:datafield>
      <marc:datafield tag="338" ind1=" " ind2=" ">
         <marc:subfield code="a">Band</marc:subfield>
         <marc:subfield code="b">nc</marc:subfield>
         <marc:subfield code="2">rdacarrier</marc:subfield>
      </marc:datafield>
      <marc:datafield tag="362" ind1="0" ind2=" ">
         <marc:subfield code="a">1.1950 - 34.1983 = Nr. 1-401; Nr. 402.1984 -  516.1994; damit Ersch. eingest.</marc:subfield>
      </marc:datafield>
      <marc:datafield tag="363" ind1="0" ind2="0">
         <marc:subfield code="a">1</marc:subfield>
         <marc:subfield code="i">1950</marc:subfield>
      </marc:datafield>
      <marc:datafield tag="363" ind1="1" ind2="0">
         <marc:subfield code="a">34</marc:subfield>
         <marc:subfield code="i">1983</marc:subfield>
      </marc:datafield>
      <marc:datafield tag="591" ind1=" " ind2=" ">
         <marc:subfield code="a">24! (GBV). - C*24!210389 (GBV). - 24! (SWB). - 24!</marc:subfield>
      </marc:datafield>
      <marc:datafield tag="655" ind1=" " ind2="7">
         <marc:subfield code="a">Zeitschrift</marc:subfield>
         <marc:subfield code="0">(DE-588)4067488-5</marc:subfield>
         <marc:subfield code="0">(DE-627)10454466X</marc:subfield>
         <marc:subfield code="0">(DE-576)20917000X</marc:subfield>
         <marc:subfield code="2">gnd-content</marc:subfield>
      </marc:datafield>
      <marc:datafield tag="770" ind1="0" ind2="8">
         <marc:subfield code="i">Darin 1.1983,2 von</marc:subfield>
         <marc:subfield code="t">Dance theatre journal</marc:subfield>
         <marc:subfield code="d">London : Centre, 1983</marc:subfield>
         <marc:subfield code="w">(DE-627)165801484</marc:subfield>
         <marc:subfield code="w">(DE-600)18252-7</marc:subfield>
         <marc:subfield code="w">(DE-576)025080121</marc:subfield>
         <marc:subfield code="x">0264-9160</marc:subfield>
      </marc:datafield>
      <marc:datafield tag="936" ind1="b" ind2="k">
         <marc:subfield code="a">24.00</marc:subfield>
         <marc:subfield code="j">Theater</marc:subfield>
         <marc:subfield code="j">Film</marc:subfield>
         <marc:subfield code="j">Musik: Allgemeines</marc:subfield>
         <marc:subfield code="0">(DE-627)10640508X</marc:subfield>
      </marc:datafield>
      <marc:datafield tag="951" ind1=" " ind2=" ">
         <marc:subfield code="a">JT</marc:subfield>
      </marc:datafield>
   </marc:record>