
   <marc:record>
      <marc:leader>     cas a22        4500</marc:leader>
      <marc:controlfield tag="001">015410277</marc:controlfield>
      <marc:controlfield tag="003">DE-576</marc:controlfield>
      <marc:controlfield tag="005">20201120104150.0</marc:controlfield>
      <marc:controlfield tag="007">tu</marc:controlfield>
      <marc:controlfield tag="008">931115d19861986gw z| p|  c   0   |0ger c</marc:controlfield>
      <marc:datafield tag="016" ind1="7" ind2=" ">
         <marc:subfield code="a">012073113</marc:subfield>
         <marc:subfield code="2">DE-101</marc:subfield>
      </marc:datafield>
      <marc:datafield tag="016" ind1="7" ind2=" ">
         <marc:subfield code="a">353809-6</marc:subfield>
         <marc:subfield code="2">DE-600</marc:subfield>
      </marc:datafield>
      <marc:datafield tag="035" ind1=" " ind2=" ">
         <marc:subfield code="a">(DE-627)129929263</marc:subfield>
      </marc:datafield>
      <marc:datafield tag="035" ind1=" " ind2=" ">
         <marc:subfield code="a">(DE-576)015410277</marc:subfield>
      </marc:datafield>
      <marc:datafield tag="035" ind1=" " ind2=" ">
         <marc:subfield code="a">(DE-599)ZDB353809-6</marc:subfield>
      </marc:datafield>
      <marc:datafield tag="035" ind1=" " ind2=" ">
         <marc:subfield code="a">(OCoLC)183357266</marc:subfield>
      </marc:datafield>
      <marc:datafield tag="035" ind1=" " ind2=" ">
         <marc:subfield code="a">(OCoLC)183357266</marc:subfield>
      </marc:datafield>
      <marc:datafield tag="040" ind1=" " ind2=" ">
         <marc:subfield code="a">DE-576</marc:subfield>
         <marc:subfield code="b">ger</marc:subfield>
         <marc:subfield code="c">DE-576</marc:subfield>
         <marc:subfield code="e">rakwb</marc:subfield>
      </marc:datafield>
      <marc:datafield tag="041" ind1=" " ind2=" ">
         <marc:subfield code="a">ger</marc:subfield>
      </marc:datafield>
      <marc:datafield tag="044" ind1=" " ind2=" ">
         <marc:subfield code="c">XA-DE</marc:subfield>
      </marc:datafield>
      <marc:datafield tag="082" ind1="0" ind2="4">
         <marc:subfield code="a">390</marc:subfield>
         <marc:subfield code="q">DE-600</marc:subfield>
      </marc:datafield>
      <marc:datafield tag="084" ind1=" " ind2=" ">
         <marc:subfield code="a">AC 92000</marc:subfield>
         <marc:subfield code="2">rvk</marc:subfield>
         <marc:subfield code="0">(DE-625)rvk/145:1652</marc:subfield>
      </marc:datafield>
      <marc:datafield tag="110" ind1="2" ind2=" ">
         <marc:subfield code="a">Institut für den Wissenschaftlichen Film</marc:subfield>
         <marc:subfield code="e">Verfasser</marc:subfield>
         <marc:subfield code="0">(DE-588)2013687-0</marc:subfield>
         <marc:subfield code="0">(DE-627)101804296</marc:subfield>
         <marc:subfield code="0">(DE-576)191680427</marc:subfield>
         <marc:subfield code="4">aut</marc:subfield>
      </marc:datafield>
      <marc:datafield tag="245" ind1="1" ind2="0">
         <marc:subfield code="a">Verzeichnis der wissenschaftlichen Filme</marc:subfield>
         <marc:subfield code="p">Ethnologie</marc:subfield>
         <marc:subfield code="p">Afrika</marc:subfield>
         <marc:subfield code="c">Institut für den Wissenschaftlichen Film</marc:subfield>
      </marc:datafield>
      <marc:datafield tag="246" ind1="1" ind2=" ">
         <marc:subfield code="i">Ansetzungssachtitel</marc:subfield>
         <marc:subfield code="a">Verzeichnis der wissenschaftlichen Filme / Ethnologie / Afrika</marc:subfield>
      </marc:datafield>
      <marc:datafield tag="246" ind1="3" ind2="3">
         <marc:subfield code="a">Wissenschaftliche Filme</marc:subfield>
      </marc:datafield>
      <marc:datafield tag="264" ind1="3" ind2="1">
         <marc:subfield code="a">Göttingen</marc:subfield>
         <marc:subfield code="b">Inst.</marc:subfield>
         <marc:subfield code="c">1986-1986</marc:subfield>
      </marc:datafield>
      <marc:datafield tag="336" ind1=" " ind2=" ">
         <marc:subfield code="a">Text</marc:subfield>
         <marc:subfield code="b">txt</marc:subfield>
         <marc:subfield code="2">rdacontent</marc:subfield>
      </marc:datafield>
      <marc:datafield tag="337" ind1=" " ind2=" ">
         <marc:subfield code="a">ohne Hilfsmittel zu benutzen</marc:subfield>
         <marc:subfield code="b">n</marc:subfield>
         <marc:subfield code="2">rdamedia</marc:subfield>
      </marc:datafield>
      <marc:datafield tag="338" ind1=" " ind2=" ">
         <marc:subfield code="a">Band</marc:subfield>
         <marc:subfield code="b">nc</marc:subfield>
         <marc:subfield code="2">rdacarrier</marc:subfield>
      </marc:datafield>
      <marc:datafield tag="362" ind1="0" ind2=" ">
         <marc:subfield code="a">1986[?]</marc:subfield>
      </marc:datafield>
      <marc:datafield tag="363" ind1="0" ind2="0">
         <marc:subfield code="i">1986</marc:subfield>
      </marc:datafield>
      <marc:datafield tag="515" ind1=" " ind2=" ">
         <marc:subfield code="a">1977 - 1985 vermutl. nicht ersch</marc:subfield>
      </marc:datafield>
      <marc:datafield tag="591" ind1=" " ind2=" ">
         <marc:subfield code="a">Sortierzählung bei Bänden maschinell geändert (GBV). - 610:FRUB/Sne (SWB)</marc:subfield>
      </marc:datafield>
      <marc:datafield tag="610" ind1="2" ind2="0">
         <marc:subfield code="a">Institut für den Wissenschaftlichen Film</marc:subfield>
      </marc:datafield>
      <marc:datafield tag="655" ind1=" " ind2="7">
         <marc:subfield code="a">Zeitschrift</marc:subfield>
         <marc:subfield code="0">(DE-588)4067488-5</marc:subfield>
         <marc:subfield code="0">(DE-627)10454466X</marc:subfield>
         <marc:subfield code="0">(DE-576)20917000X</marc:subfield>
         <marc:subfield code="2">gnd-content</marc:subfield>
      </marc:datafield>
      <marc:datafield tag="655" ind1=" " ind2="7">
         <marc:subfield code="a">Katalog</marc:subfield>
         <marc:subfield code="0">(DE-588)4163417-2</marc:subfield>
         <marc:subfield code="0">(DE-627)105454966</marc:subfield>
         <marc:subfield code="0">(DE-576)209880899</marc:subfield>
         <marc:subfield code="2">gnd-content</marc:subfield>
      </marc:datafield>
      <marc:datafield tag="689" ind1="0" ind2="0">
         <marc:subfield code="D">b</marc:subfield>
         <marc:subfield code="0">(DE-588)2013687-0</marc:subfield>
         <marc:subfield code="0">(DE-627)101804296</marc:subfield>
         <marc:subfield code="0">(DE-576)191680427</marc:subfield>
         <marc:subfield code="a">Institut für den Wissenschaftlichen Film</marc:subfield>
         <marc:subfield code="2">gnd</marc:subfield>
      </marc:datafield>
      <marc:datafield tag="689" ind1="0" ind2="1">
         <marc:subfield code="D">g</marc:subfield>
         <marc:subfield code="0">(DE-588)4000695-5</marc:subfield>
         <marc:subfield code="0">(DE-627)10437036X</marc:subfield>
         <marc:subfield code="0">(DE-576)208839046</marc:subfield>
         <marc:subfield code="a">Afrika</marc:subfield>
         <marc:subfield code="2">gnd</marc:subfield>
      </marc:datafield>
      <marc:datafield tag="689" ind1="0" ind2="2">
         <marc:subfield code="D">s</marc:subfield>
         <marc:subfield code="0">(DE-588)4066589-6</marc:subfield>
         <marc:subfield code="0">(DE-627)10611302X</marc:subfield>
         <marc:subfield code="0">(DE-576)209165227</marc:subfield>
         <marc:subfield code="a">Wissenschaftlicher Film</marc:subfield>
         <marc:subfield code="2">gnd</marc:subfield>
      </marc:datafield>
      <marc:datafield tag="689" ind1="0" ind2="3">
         <marc:subfield code="D">s</marc:subfield>
         <marc:subfield code="0">(DE-588)4078931-7</marc:subfield>
         <marc:subfield code="0">(DE-627)104288612</marc:subfield>
         <marc:subfield code="0">(DE-576)209210508</marc:subfield>
         <marc:subfield code="a">Ethnologie</marc:subfield>
         <marc:subfield code="2">gnd</marc:subfield>
      </marc:datafield>
      <marc:datafield tag="689" ind1="0" ind2=" ">
         <marc:subfield code="5">DE-101</marc:subfield>
      </marc:datafield>
      <marc:datafield tag="770" ind1="0" ind2="8">
         <marc:subfield code="i">Nachtr.</marc:subfield>
         <marc:subfield code="a">Institut für den Wissenschaftlichen Film</marc:subfield>
         <marc:subfield code="t">Wissenschaftliche Filme / Ethnologie / Außer Europa und Amerika</marc:subfield>
         <marc:subfield code="d">Göttingen : Inst., 1988</marc:subfield>
         <marc:subfield code="w">(DE-627)169531643</marc:subfield>
         <marc:subfield code="w">(DE-600)1001736-7</marc:subfield>
         <marc:subfield code="w">(DE-576)475947134</marc:subfield>
      </marc:datafield>
      <marc:datafield tag="770" ind1="0" ind2="8">
         <marc:subfield code="i">Nachtr.</marc:subfield>
         <marc:subfield code="a">Institut für den Wissenschaftlichen Film</marc:subfield>
         <marc:subfield code="t">Wissenschaftliche Filme / Ethnologie / Afrika, Amerika, Asien</marc:subfield>
         <marc:subfield code="d">Göttingen : IWF, 1989</marc:subfield>
         <marc:subfield code="w">(DE-627)169594890</marc:subfield>
         <marc:subfield code="w">(DE-600)1013405-0</marc:subfield>
         <marc:subfield code="w">(DE-576)9169594899</marc:subfield>
         <marc:subfield code="x">0174-2051</marc:subfield>
      </marc:datafield>
      <marc:datafield tag="770" ind1="0" ind2="8">
         <marc:subfield code="i">Nachtr.</marc:subfield>
         <marc:subfield code="a">Institut für den Wissenschaftlichen Film</marc:subfield>
         <marc:subfield code="t">Wissenschaftliche Filme / Ethnologie / Afrika, Amerika, Australien, Ozeanien</marc:subfield>
         <marc:subfield code="d">Göttingen : Inst., 1990</marc:subfield>
         <marc:subfield code="w">(DE-627)170504468</marc:subfield>
         <marc:subfield code="w">(DE-600)1067378-7</marc:subfield>
         <marc:subfield code="w">(DE-576)027063747</marc:subfield>
         <marc:subfield code="x">0174-2051</marc:subfield>
      </marc:datafield>
      <marc:datafield tag="780" ind1="0" ind2="0">
         <marc:subfield code="i">Vorg.</marc:subfield>
         <marc:subfield code="a">Institut für den Wissenschaftlichen Film</marc:subfield>
         <marc:subfield code="t">Verzeichnis der wissenschaftlichen Filme / V</marc:subfield>
         <marc:subfield code="d">Göttingen : IWF, 1966</marc:subfield>
         <marc:subfield code="w">(DE-627)129326968</marc:subfield>
         <marc:subfield code="w">(DE-600)133040-8</marc:subfield>
         <marc:subfield code="w">(DE-576)01457151X</marc:subfield>
      </marc:datafield>
      <marc:datafield tag="785" ind1="0" ind2="0">
         <marc:subfield code="i">Forts.</marc:subfield>
         <marc:subfield code="a">Institut für den Wissenschaftlichen Film</marc:subfield>
         <marc:subfield code="t">Medienkatalog / Ethnologie / Afrika</marc:subfield>
         <marc:subfield code="d">Göttingen : Inst., 1996</marc:subfield>
         <marc:subfield code="w">(DE-627)225408392</marc:subfield>
         <marc:subfield code="w">(DE-600)1362878-1</marc:subfield>
         <marc:subfield code="w">(DE-576)057832943</marc:subfield>
         <marc:subfield code="x">0945-5426</marc:subfield>
      </marc:datafield>
      <marc:datafield tag="936" ind1="r" ind2="v">
         <marc:subfield code="a">AC 92000</marc:subfield>
         <marc:subfield code="b">International, Allgemeines</marc:subfield>
         <marc:subfield code="k">Allgemeines</marc:subfield>
         <marc:subfield code="k">Bibliografien und Kataloge besonderer Literaturgattungen</marc:subfield>
         <marc:subfield code="k">Bibliografien publizistischer Sonderformen</marc:subfield>
         <marc:subfield code="k">Projektionsmaterial</marc:subfield>
         <marc:subfield code="k">International, Allgemeines</marc:subfield>
         <marc:subfield code="0">(DE-627)1270886002</marc:subfield>
         <marc:subfield code="0">(DE-625)rvk/145:1652</marc:subfield>
         <marc:subfield code="0">(DE-576)200886002</marc:subfield>
      </marc:datafield>
      <marc:datafield tag="951" ind1=" " ind2=" ">
         <marc:subfield code="a">JT</marc:subfield>
      </marc:datafield>
   </marc:record>