
   <marc:record>
      <marc:leader>     cam a22        4500</marc:leader>
      <marc:controlfield tag="001">03222558X</marc:controlfield>
      <marc:controlfield tag="003">DE-576</marc:controlfield>
      <marc:controlfield tag="005">20210210083227.0</marc:controlfield>
      <marc:controlfield tag="007">tu</marc:controlfield>
      <marc:controlfield tag="008">930414s1992    gw |||||      00| ||ger c</marc:controlfield>
      <marc:datafield tag="010" ind1=" " ind2=" ">
         <marc:subfield code="a">   93171767 </marc:subfield>
      </marc:datafield>
      <marc:datafield tag="015" ind1=" " ind2=" ">
         <marc:subfield code="a">93,A16,1430</marc:subfield>
         <marc:subfield code="2">dnb</marc:subfield>
      </marc:datafield>
      <marc:datafield tag="016" ind1="7" ind2=" ">
         <marc:subfield code="a">930587979</marc:subfield>
         <marc:subfield code="2">DE-101</marc:subfield>
      </marc:datafield>
      <marc:datafield tag="020" ind1=" " ind2=" ">
         <marc:subfield code="a">3894680474</marc:subfield>
         <marc:subfield code="c"> : DM 36.00 (kart.)</marc:subfield>
         <marc:subfield code="9">3-89468-047-4</marc:subfield>
      </marc:datafield>
      <marc:datafield tag="035" ind1=" " ind2=" ">
         <marc:subfield code="a">(DE-627)123708753</marc:subfield>
      </marc:datafield>
      <marc:datafield tag="035" ind1=" " ind2=" ">
         <marc:subfield code="a">(DE-576)03222558X</marc:subfield>
      </marc:datafield>
      <marc:datafield tag="035" ind1=" " ind2=" ">
         <marc:subfield code="a">(DE-599)GBV123708753</marc:subfield>
      </marc:datafield>
      <marc:datafield tag="035" ind1=" " ind2=" ">
         <marc:subfield code="a">(OCoLC)243735191</marc:subfield>
      </marc:datafield>
      <marc:datafield tag="035" ind1=" " ind2=" ">
         <marc:subfield code="a">(OCoLC)243735191</marc:subfield>
      </marc:datafield>
      <marc:datafield tag="035" ind1=" " ind2=" ">
         <marc:subfield code="a">(DE-Rt5)2331223</marc:subfield>
      </marc:datafield>
      <marc:datafield tag="040" ind1=" " ind2=" ">
         <marc:subfield code="a">DE-576</marc:subfield>
         <marc:subfield code="b">ger</marc:subfield>
         <marc:subfield code="c">DE-576</marc:subfield>
         <marc:subfield code="e">rda</marc:subfield>
      </marc:datafield>
      <marc:datafield tag="041" ind1=" " ind2=" ">
         <marc:subfield code="a">ger</marc:subfield>
      </marc:datafield>
      <marc:datafield tag="044" ind1=" " ind2=" ">
         <marc:subfield code="c">XA-DE</marc:subfield>
      </marc:datafield>
      <marc:datafield tag="050" ind1=" " ind2="0">
         <marc:subfield code="a">PN1968.G3</marc:subfield>
      </marc:datafield>
      <marc:datafield tag="084" ind1=" " ind2=" ">
         <marc:subfield code="a">40</marc:subfield>
         <marc:subfield code="a">64</marc:subfield>
         <marc:subfield code="2">sdnb</marc:subfield>
      </marc:datafield>
      <marc:datafield tag="084" ind1=" " ind2=" ">
         <marc:subfield code="a">9,10</marc:subfield>
         <marc:subfield code="2">ssgn</marc:subfield>
      </marc:datafield>
      <marc:datafield tag="084" ind1=" " ind2=" ">
         <marc:subfield code="a">LK 16686</marc:subfield>
         <marc:subfield code="2">rvk</marc:subfield>
         <marc:subfield code="0">(DE-625)rvk/97619:13317</marc:subfield>
      </marc:datafield>
      <marc:datafield tag="084" ind1=" " ind2=" ">
         <marc:subfield code="a">MS 1750</marc:subfield>
         <marc:subfield code="2">rvk</marc:subfield>
         <marc:subfield code="0">(DE-625)rvk/123613:</marc:subfield>
      </marc:datafield>
      <marc:datafield tag="084" ind1=" " ind2=" ">
         <marc:subfield code="a">AP 85500</marc:subfield>
         <marc:subfield code="2">rvk</marc:subfield>
         <marc:subfield code="0">(DE-625)rvk/8056:</marc:subfield>
      </marc:datafield>
      <marc:datafield tag="100" ind1="1" ind2=" ">
         <marc:subfield code="a">Wolffram, Knud</marc:subfield>
         <marc:subfield code="e">VerfasserIn</marc:subfield>
         <marc:subfield code="4">aut</marc:subfield>
      </marc:datafield>
      <marc:datafield tag="245" ind1="1" ind2="0">
         <marc:subfield code="a">Tanzdielen und Vergnügungspaläste</marc:subfield>
         <marc:subfield code="b">Berliner Nachtleben in den dreißiger und vierziger Jahren : von der Friedrichstrasse bis Berlin W, vom Moka Efti bis zum Delphi</marc:subfield>
         <marc:subfield code="c">Knud Wolffram</marc:subfield>
      </marc:datafield>
      <marc:datafield tag="250" ind1=" " ind2=" ">
         <marc:subfield code="a">1. Auflage</marc:subfield>
      </marc:datafield>
      <marc:datafield tag="264" ind1=" " ind2="1">
         <marc:subfield code="a">Berlin</marc:subfield>
         <marc:subfield code="b">Edition Hentrich</marc:subfield>
         <marc:subfield code="c">1992</marc:subfield>
      </marc:datafield>
      <marc:datafield tag="300" ind1=" " ind2=" ">
         <marc:subfield code="a">241 Seiten</marc:subfield>
         <marc:subfield code="b">Illustrationen</marc:subfield>
         <marc:subfield code="c">24 cm</marc:subfield>
      </marc:datafield>
      <marc:datafield tag="336" ind1=" " ind2=" ">
         <marc:subfield code="a">Text</marc:subfield>
         <marc:subfield code="b">txt</marc:subfield>
         <marc:subfield code="2">rdacontent</marc:subfield>
      </marc:datafield>
      <marc:datafield tag="337" ind1=" " ind2=" ">
         <marc:subfield code="a">ohne Hilfsmittel zu benutzen</marc:subfield>
         <marc:subfield code="b">n</marc:subfield>
         <marc:subfield code="2">rdamedia</marc:subfield>
      </marc:datafield>
      <marc:datafield tag="338" ind1=" " ind2=" ">
         <marc:subfield code="a">Band</marc:subfield>
         <marc:subfield code="b">nc</marc:subfield>
         <marc:subfield code="2">rdacarrier</marc:subfield>
      </marc:datafield>
      <marc:datafield tag="490" ind1="1" ind2=" ">
         <marc:subfield code="a">Reihe deutsche Vergangenheit</marc:subfield>
         <marc:subfield code="v">Bd. 78</marc:subfield>
         <marc:subfield code="a">Stätten der Geschichte Berlins</marc:subfield>
      </marc:datafield>
      <marc:datafield tag="500" ind1=" " ind2=" ">
         <marc:subfield code="a">Includes bibliographical references (p. 230-231) and index</marc:subfield>
      </marc:datafield>
      <marc:datafield tag="591" ind1=" " ind2=" ">
         <marc:subfield code="a">5090 maschinell aus ähnlichen Titelaufnahmen ergänzt ; IMD-Felder und 1131 maschinell ergänzt (SWB)</marc:subfield>
      </marc:datafield>
      <marc:datafield tag="650" ind1=" " ind2="0">
         <marc:subfield code="a">Music-halls (Variety-theaters, cabarets, etc.)</marc:subfield>
         <marc:subfield code="z">Germany</marc:subfield>
         <marc:subfield code="z">Berlin</marc:subfield>
         <marc:subfield code="x">History</marc:subfield>
         <marc:subfield code="y">20th century</marc:subfield>
      </marc:datafield>
      <marc:datafield tag="650" ind1=" " ind2="0">
         <marc:subfield code="a">Bars (Drinking establishments)</marc:subfield>
         <marc:subfield code="z">Germany</marc:subfield>
         <marc:subfield code="z">Berlin</marc:subfield>
         <marc:subfield code="x">History</marc:subfield>
         <marc:subfield code="y">20th century</marc:subfield>
      </marc:datafield>
      <marc:datafield tag="650" ind1=" " ind2="0">
         <marc:subfield code="a">Restaurants</marc:subfield>
         <marc:subfield code="z">Germany</marc:subfield>
         <marc:subfield code="z">Berlin</marc:subfield>
         <marc:subfield code="x">History</marc:subfield>
         <marc:subfield code="y">20th century</marc:subfield>
      </marc:datafield>
      <marc:datafield tag="651" ind1=" " ind2="7">
         <marc:subfield code="0">(DE-588)4005728-8</marc:subfield>
         <marc:subfield code="0">(DE-627)10482638X</marc:subfield>
         <marc:subfield code="0">(DE-576)208862560</marc:subfield>
         <marc:subfield code="a">Berlin</marc:subfield>
         <marc:subfield code="2">gnd</marc:subfield>
      </marc:datafield>
      <marc:datafield tag="650" ind1="0" ind2="7">
         <marc:subfield code="0">(DE-588)4233893-1</marc:subfield>
         <marc:subfield code="0">(DE-627)104913819</marc:subfield>
         <marc:subfield code="0">(DE-576)21037604X</marc:subfield>
         <marc:subfield code="a">Tanzlokal</marc:subfield>
         <marc:subfield code="2">gnd</marc:subfield>
      </marc:datafield>
      <marc:datafield tag="651" ind1=" " ind2="7">
         <marc:subfield code="0">(DE-588)4005728-8</marc:subfield>
         <marc:subfield code="0">(DE-627)10482638X</marc:subfield>
         <marc:subfield code="0">(DE-576)208862560</marc:subfield>
         <marc:subfield code="a">Berlin</marc:subfield>
         <marc:subfield code="2">gnd</marc:subfield>
      </marc:datafield>
      <marc:datafield tag="650" ind1="0" ind2="7">
         <marc:subfield code="0">(DE-588)4121848-6</marc:subfield>
         <marc:subfield code="0">(DE-627)105766623</marc:subfield>
         <marc:subfield code="0">(DE-576)209546670</marc:subfield>
         <marc:subfield code="a">Vergnügungsstätte</marc:subfield>
         <marc:subfield code="2">gnd</marc:subfield>
      </marc:datafield>
      <marc:datafield tag="648" ind1=" " ind2="4">
         <marc:subfield code="a">Geschichte 1930-1945</marc:subfield>
      </marc:datafield>
      <marc:datafield tag="648" ind1=" " ind2="4">
         <marc:subfield code="a">Geschichte 1930-1945</marc:subfield>
      </marc:datafield>
      <marc:datafield tag="689" ind1="0" ind2="0">
         <marc:subfield code="D">g</marc:subfield>
         <marc:subfield code="0">(DE-588)4005728-8</marc:subfield>
         <marc:subfield code="0">(DE-627)10482638X</marc:subfield>
         <marc:subfield code="0">(DE-576)208862560</marc:subfield>
         <marc:subfield code="a">Berlin</marc:subfield>
         <marc:subfield code="2">gnd</marc:subfield>
      </marc:datafield>
      <marc:datafield tag="689" ind1="0" ind2="1">
         <marc:subfield code="D">s</marc:subfield>
         <marc:subfield code="0">(DE-588)4233893-1</marc:subfield>
         <marc:subfield code="0">(DE-627)104913819</marc:subfield>
         <marc:subfield code="0">(DE-576)21037604X</marc:subfield>
         <marc:subfield code="a">Tanzlokal</marc:subfield>
         <marc:subfield code="2">gnd</marc:subfield>
      </marc:datafield>
      <marc:datafield tag="689" ind1="0" ind2="2">
         <marc:subfield code="A">z</marc:subfield>
         <marc:subfield code="2">gnd</marc:subfield>
         <marc:subfield code="a">Geschichte 1930-1945</marc:subfield>
      </marc:datafield>
      <marc:datafield tag="689" ind1="0" ind2=" ">
         <marc:subfield code="5">DE-101</marc:subfield>
      </marc:datafield>
      <marc:datafield tag="689" ind1="1" ind2="0">
         <marc:subfield code="D">g</marc:subfield>
         <marc:subfield code="0">(DE-588)4005728-8</marc:subfield>
         <marc:subfield code="0">(DE-627)10482638X</marc:subfield>
         <marc:subfield code="0">(DE-576)208862560</marc:subfield>
         <marc:subfield code="a">Berlin</marc:subfield>
         <marc:subfield code="2">gnd</marc:subfield>
      </marc:datafield>
      <marc:datafield tag="689" ind1="1" ind2="1">
         <marc:subfield code="D">s</marc:subfield>
         <marc:subfield code="0">(DE-588)4121848-6</marc:subfield>
         <marc:subfield code="0">(DE-627)105766623</marc:subfield>
         <marc:subfield code="0">(DE-576)209546670</marc:subfield>
         <marc:subfield code="a">Vergnügungsstätte</marc:subfield>
         <marc:subfield code="2">gnd</marc:subfield>
      </marc:datafield>
      <marc:datafield tag="689" ind1="1" ind2="2">
         <marc:subfield code="A">z</marc:subfield>
         <marc:subfield code="2">gnd</marc:subfield>
         <marc:subfield code="a">Geschichte 1930-1945</marc:subfield>
      </marc:datafield>
      <marc:datafield tag="689" ind1="1" ind2=" ">
         <marc:subfield code="5">DE-101</marc:subfield>
      </marc:datafield>
      <marc:datafield tag="689" ind1="2" ind2="0">
         <marc:subfield code="A">z</marc:subfield>
         <marc:subfield code="2">gnd</marc:subfield>
         <marc:subfield code="a">Geschichte</marc:subfield>
      </marc:datafield>
      <marc:datafield tag="689" ind1="2" ind2=" ">
         <marc:subfield code="5">(DE-627)</marc:subfield>
      </marc:datafield>
      <marc:datafield tag="830" ind1=" " ind2="0">
         <marc:subfield code="a">Reihe Deutsche Vergangenheit</marc:subfield>
         <marc:subfield code="v">Bd. 78</marc:subfield>
         <marc:subfield code="9">7800</marc:subfield>
         <marc:subfield code="w">(DE-627)129870625</marc:subfield>
         <marc:subfield code="w">(DE-576)009178848</marc:subfield>
         <marc:subfield code="w">(DE-600)286794-1</marc:subfield>
      </marc:datafield>
      <marc:datafield tag="935" ind1=" " ind2=" ">
         <marc:subfield code="i">Blocktest</marc:subfield>
      </marc:datafield>
      <marc:datafield tag="936" ind1="r" ind2="v">
         <marc:subfield code="a">LK 16686</marc:subfield>
         <marc:subfield code="b">Öffentliche Bauten, Plätze, Industriebauten</marc:subfield>
         <marc:subfield code="k">Kunstgeschichte</marc:subfield>
         <marc:subfield code="k">Kunst nach Ländern bzw. Kontinenten</marc:subfield>
         <marc:subfield code="k">Deutschland</marc:subfield>
         <marc:subfield code="k">Kunsttopografie Deutschlands</marc:subfield>
         <marc:subfield code="k">Orte Deutschlands</marc:subfield>
         <marc:subfield code="k">Orte B</marc:subfield>
         <marc:subfield code="k">Berlin</marc:subfield>
         <marc:subfield code="k">Öffentliche Bauten, Plätze, Industriebauten</marc:subfield>
         <marc:subfield code="0">(DE-627)1270945122</marc:subfield>
         <marc:subfield code="0">(DE-625)rvk/97619:13317</marc:subfield>
         <marc:subfield code="0">(DE-576)200945122</marc:subfield>
      </marc:datafield>
      <marc:datafield tag="936" ind1="r" ind2="v">
         <marc:subfield code="a">MS 1750</marc:subfield>
         <marc:subfield code="b">Allgemeine Darstellungen</marc:subfield>
         <marc:subfield code="k">Soziologie</marc:subfield>
         <marc:subfield code="k">Spezielle Soziologien</marc:subfield>
         <marc:subfield code="k">Stadtsoziologie</marc:subfield>
         <marc:subfield code="k">Allgemeine Darstellungen</marc:subfield>
         <marc:subfield code="0">(DE-627)127144092X</marc:subfield>
         <marc:subfield code="0">(DE-625)rvk/123613:</marc:subfield>
         <marc:subfield code="0">(DE-576)20144092X</marc:subfield>
      </marc:datafield>
      <marc:datafield tag="936" ind1="r" ind2="v">
         <marc:subfield code="a">AP 85500</marc:subfield>
         <marc:subfield code="b">Allgemeines</marc:subfield>
         <marc:subfield code="k">Allgemeines</marc:subfield>
         <marc:subfield code="k">Medien- und Kommunikationswissenschaften, Kommunikationsdesign</marc:subfield>
         <marc:subfield code="k">Tanz</marc:subfield>
         <marc:subfield code="k">Gesellschaftstanz</marc:subfield>
         <marc:subfield code="k">Allgemeines</marc:subfield>
         <marc:subfield code="0">(DE-627)1270693603</marc:subfield>
         <marc:subfield code="0">(DE-625)rvk/8056:</marc:subfield>
         <marc:subfield code="0">(DE-576)200693603</marc:subfield>
      </marc:datafield>
      <marc:datafield tag="951" ind1=" " ind2=" ">
         <marc:subfield code="a">BO</marc:subfield>
      </marc:datafield>
   </marc:record>